3274 4998
834 553 898 617 140

278 731 510 798 demonstrare
544 731 694 798 conabor
729 752 785 796 eas
811 729 855 795 ab
878 729 978 795 initio
1002 750 1070 795 om
1084 730 1130 794 ni
1155 729 1248 816 plebi
1271 731 1450 797 Romanae

277 847 379 912 fuisse
413 845 606 912 destinatas.
635 845 657 930 ¹)
704 843 864 910 Turbatis
903 865 983 909 vero
1009 843 1222 929 temporibus
1247 866 1333 931 quae
1358 845 1450 932 prin·

277 960 430 1046 cipatum
453 959 703 1040 antecesserint,
728 957 853 1023 multos
873 978 997 1044 eosque
1022 957 1258 1043 pauperrimos
1282 957 1325 1022 ad
1349 956 1451 1043 largi·

276 1074 385 1140 tiones
408 1073 572 1139 admissos
594 1072 695 1137 fuisse
720 1071 780 1158 qui
803 1093 888 1136 num
911 1071 987 1136 ius
1007 1069 1173 1136 haberent
1196 1070 1342 1137 dubium
1366 1078 1449 1139 erat.

277 1186 355 1266 Qua
378 1186 419 1252 de
444 1207 479 1252 re
503 1207 583 1251 cum
606 1184 850 1271 accipientium
875 1204 1039 1249 numerus
1062 1183 1166 1249 nimis
1179 1185 1348 1266 crevisset,
1365 1185 1451 1251 an-

278 1322 385 1366 sarem
412 1306 446 1366 et
468 1300 667 1384 Augustum
690 1319 798 1364 novas
822 1296 955 1362 tabulas
986 1297 1216 1363 conficiendas
1238 1319 1382 1380 curasse,
1395 1299 1450 1364 iis·

279 1435 345 1500 que
381 1419 414 1478 et
448 1412 530 1498 ipsis
552 1413 589 1476 in
613 1411 835 1476 diiudicando
859 1410 978 1496 quiin
1002 1409 1077 1475 illas
1101 1411 1282 1492 referendi,
1308 1411 1368 1499 qui
1392 1433 1450 1478 ex·

278 1525 440 1592 cludendi
466 1531 587 1606 essent,
611 1530 826 1590 momentum
844 1523 960 1589 fecisse
986 1524 1155 1605 ciuitatem,
1178 1545 1249 1590 non
1274 1532 1448 1610 egestatem.

277 1639 434 1705 Eandem
465 1637 577 1722 legem
600 1643 717 1703 autem
740 1637 844 1702 etiam
868 1637 1008 1724 posthac
1031 1637 1133 1702 fuisse
1159 1643 1339 1704 servatam.
1386 1638 1450 1704 Ar·

277 1759 441 1837 gumento
465 1751 552 1817 mihi
575 1756 674 1816 sunt:
710 1773 731 1816 a
762 1749 929 1818 vocabula
964 1749 1089 1836 quibus
1108 1750 1143 1814 in
1168 1750 1233 1816 hac
1253 1772 1288 1816 re
1303 1757 1450 1817 utuntur

278 1867 457 1952 scriptores
490 1865 660 1944 Romani3
696 1869 713 1927 b
748 1864 874 1929 harum
897 1863 1120 1948 largitionum
1141 1864 1227 1930 ratio
1251 1871 1447 1946 acuatura3

278 2001 293 2045 e
326 1976 476 2045 Caesaris
511 1984 544 2044 et
577 1977 726 2062 Augusti
748 1977 890 2043 consilia
908 1977 1154 2058 frumentaria3
1190 1978 1211 2042 d
1244 1983 1369 2044 natura
1391 1979 1449 2044 tri·

278 2091 397 2173 buum,
431 2113 510 2158 cum
544 2092 704 2158 Caesares
737 2091 875 2178 imperii
895 2111 1066 2156 summam
1090 2089 1273 2172 tenebant3
1307 2113 1322 2158 e
1355 2093 1448 2178 quod

277 2205 331 2270 ius
353 2205 389 2271 in
414 2205 626 2271 frumentum
651 2204 827 2292 publicum
852 2226 933 2270 cum
955 2204 992 2268 in
1017 2204 1146 2270 honore
1171 2204 1321 2290 positum
1344 2205 1446 2271 fuisse

278 2318 424 2400 videtur,
473 2325 548 2384 tum
582 2319 773 2384 officiorum
807 2325 879 2383 crat
915 2317 1166 2398 remuneratio;
1208 2319 1232 2404 f
1259 2317 1448 2384 similitudo

278 2432 376 2519 panis
400 2432 460 2518 qui
483 2432 607 2498 dicitur
630 2431 770 2516 gradilis
788 2438 822 2496 et
845 2453 1001 2497 annonae
1019 2431 1158 2498 civicae.
1204 2431 1355 2517 Singulis
1366 2453 1449 2519 pau·

277 2544 381 2632 lisper
402 2545 608 2611 insistamus.

322 2659 479 2724 Primum
503 2665 618 2724 tamen
635 2658 936 2724 commemoranda
948 2665 997 2724 est
1009 2657 1265 2724 narratiuncula
1278 2659 1448 2746 quaedam

278 2773 408 2854 festiva,
431 2793 517 2859 quae
542 2771 659 2838 multis
682 2772 887 2838 documento
911 2778 960 2837 est
975 2772 1073 2837 initio
1087 2771 1141 2838 vel
1154 2770 1285 2838 nobiles
1298 2771 1448 2837 frumen·

199 2877 203 2886 ¹
278 2893 353 2952 tum
377 2885 555 2973 publicum
578 2907 639 2951 suo
657 2885 730 2951 iure
743 2885 913 2971 postulare
926 2885 1069 2951 licuisse.
1094 2886 1237 2970 Legitur
1249 2885 1342 2972 apud
1355 2885 1448 2951 Cice·

278 3022 412 3091 ronem.
435 3000 532 3080 „Piso
552 2997 609 3064 ille
633 2999 740 3083 Frugi
763 3021 897 3085 semper
917 3006 1035 3065 contra
1059 2998 1172 3084 legem
1185 2999 1446 3065 frumentariam

278 3113 421 3180 dixerat.
467 3114 502 3179 Is
523 3112 598 3197 lege
622 3112 691 3178 lata
714 3112 900 3178 consularis
914 3112 957 3178 ad
969 3113 1184 3178 frumentum
1200 3111 1447 3198 accipiundum

278 3234 427 3294 venerat.
441 3227 610 3292 Animum
622 3227 769 3294 advertit
781 3227 956 3293 Gracchus
968 3226 1004 3290 in
1017 3226 1173 3292 contione
1183 3225 1343 3291 Pisonem
1356 3231 1447 3290 stan-

278 3347 368 3420 tem3
394 3341 528 3426 quaerit
552 3341 711 3406 audiente
738 3339 864 3426 populo
891 3340 1048 3406 Romano
1062 3340 1122 3426 qui
1135 3339 1200 3404 sibi
1212 3345 1352 3420 constet,
1365 3359 1446 3404 cum
1487 3425 1489 3430 Ι

277 3475 318 3519 ea
340 3452 413 3538 lege
438 3453 651 3519 frumentum
675 3461 777 3539 petat,
803 3475 908 3541 quam
931 3453 1135 3519 dissuaserit.
1180 3451 1447 3539 ‘Nolim'inquit

276 3565 365 3632 ‘mea
400 3565 500 3648 bona,
535 3566 699 3644 Graccho,
736 3567 797 3632 tibi
832 3567 961 3633 viritim
997 3566 1149 3632 dividere
1187 3565 1300 3644 libeat,
1324 3566 1393 3646 sed,
1418 3566 1447 3631 si

277 3680 389 3760 facias,
414 3686 547 3767 partem
570 3680 727 3766 petam”'.
752 3679 778 3760 ²)
807 3680 947 3746 Nullam
971 3679 1083 3765 legem
1107 3679 1207 3766 plane
1232 3679 1378 3747 vetuisse
1401 3701 1445 3745 ne

278 3852 326 3900 506
355 3868 401 3916 seq.
428 3852 509 3914 (Hune
535 3847 614 3902 locuni
641 3853 702 3902 iufra
728 3853 865 3918 transcripsi
884 3854 909 3902 in
927 3854 973 3901 fine
990 3853 1092 3918 cepitis.)
1115 3852 1245 3901 Radbertus
1262 3852 1279 3901 l.
1297 3851 1314 3902 l.
1332 3867 1384 3917 pag.
1397 3851 1446 3905 379

276 3934 332 3982 inde
356 3951 370 3983 a
395 3935 478 3984 Clodio
504 3937 542 3998 lde
567 3937 635 3984 cuius
656 3935 707 3999 lege
735 3936 788 3984 vide
819 3953 890 4001 supra
919 3953 970 4001 psg.
1001 3937 1066 3996 133),
1093 3936 1216 3984 veteriores
1244 3935 1352 4000 plerique
1377 3941 1446 3999 (quos

276 4017 330 4065 vids
355 4017 381 4065 in
406 4017 502 4082 Pauly's
528 4019 695 4082 Realdlneycl.
721 4019 755 4067 IV
780 4035 832 4083 pag.
859 4019 907 4072 778
931 4035 949 4067 s.
968 4035 990 4068 v.
1020 4019 1127 4082 largitio)
1152 4019 1200 4067 iam
1225 4018 1255 4068 ab
1273 4017 1359 4068 ultimo
1375 4019 1446 4068 initio

276 4115 324 4147 non
341 4099 388 4147 nisi
406 4101 585 4164 pauperioribus
603 4103 715 4151 frumenti
733 4102 869 4166 largitiones
886 4103 997 4166 obtigisse
1013 4103 1103 4151 docent.

312 4181 330 4242 ¹)
364 4181 413 4246 Qui
430 4199 478 4231 non
495 4184 558 4232 iusto
575 4185 627 4233 iure
644 4186 707 4234 cives
724 4189 789 4234 erant
807 4185 919 4234 nimirum
938 4185 1035 4249 excipio.

310 4265 330 4328 ²)
364 4266 414 4314 cte.
432 4267 501 4315 Tusc.
519 4267 565 4326 ΙΙΙ,
584 4268 624 4328 20,
641 4269 682 4317 48.
