3296 5008
801 459 867 526 210

251 637 436 718 10222-*;
460 637 590 725 priores
619 637 714 705 enim
737 638 839 705 luisse
863 660 969 726 quam
990 637 1049 705 ille
1065 637 1149 705 dicit
1159 637 1429 712 eineAlimentu-¹

253 753 481 838 trbnsstijtunp,
505 751 568 818 hos
590 773 671 818 vero
694 753 762 818 ciac
775 752 1184 840 Flumntott'oosstistunp.
1219 753 1331 839 Magis
1346 774 1427 840 pro·

251 865 338 931 fecto
359 887 464 952 quam
486 865 591 951 vulgo
614 865 651 932 fit
675 865 841 932 Rodberti
864 872 1148 951 argumentorum
1161 867 1247 933 ratio
1260 865 1421 934 habenda

251 979 396 1046 videtur.
442 979 472 1044 E
506 979 726 1064 Digestorum
759 979 841 1045 locis
874 979 1068 1046 exscribam
1090 980 1246 1048 Iauoleni
1270 981 1420 1048 testimo·

159 1117 164 1124 ·
251 1093 359 1174 nium,
396 1091 488 1180 quod
522 1093 609 1158 mihi
643 1093 783 1180 quidem
812 1093 1001 1160 admodum
1023 1115 1127 1180 grave
1151 1100 1202 1161 est
1228 1133 1272 1144 —
1295 1089 1426 1162 111011-

251 1228 336 1271 num
359 1205 498 1272 illorum
520 1207 672 1293 ipsorum
696 1207 944 1293 imperatorum
967 1207 1148 1295 aequalem
1170 1208 1273 1275 fuisse
1286 1229 1420 1289 moneo,

251 1320 312 1406 qui
335 1321 372 1385 in
393 1320 513 1406 primis
534 1321 571 1385 in
595 1319 768 1387 alimentis
790 1343 909 1387 curam
932 1321 1185 1388 adhibuerunt:
1208 1328 1309 1388 natus
1325 1322 1420 1388 enim

250 1439 301 1499 est
333 1456 363 1499 a.
398 1436 441 1500 79
475 1441 509 1500 et
541 1440 697 1500 mortuus
720 1456 750 1500 a.
776 1436 840 1500 138
864 1458 897 1522 p.
921 1436 1001 1503 Chr.
1027 1458 1060 1502 n.
1084 1459 1148 1502 -:
1177 1436 1334 1521 „Legatis
1356 1435 1418 1500 ali-

251 1547 375 1613 mentis
408 1546 536 1613 cibaria
559 1553 592 1613 et
615 1549 758 1614 vestitus
780 1556 815 1614 et
837 1549 1004 1615 habitatio
1028 1548 1216 1630 debebitur,
1241 1550 1323 1636 quia
1345 1549 1418 1614 sine

250 1660 304 1725 his
327 1660 373 1726 eli
395 1682 518 1747 corpus
541 1682 610 1727 non
634 1668 764 1748 potest:
788 1669 901 1728 cetera
925 1685 1012 1750 quae
1036 1663 1080 1728 ad
1102 1662 1321 1750 disciplinam
1343 1685 1418 1748 per-

250 1775 361 1840 tinent
393 1774 505 1862 legato
540 1797 610 1841 non
643 1776 895 1842 continentur.''
932 1776 957 1862 ¹)
986 1777 1158 1863 Equidem
1182 1777 1273 1842 hanc
1296 1775 1420 1842 enoda·

249 1889 379 1954 tionem
410 1910 574 1975 propono,
621 1889 697 1956 Non
730 1911 849 1956 omnes
872 1889 1079 1956 alimentarii
1101 1890 1200 1976 pueri
1223 1896 1257 1956 et
1281 1888 1415 1976 puellae

249 2023 320 2068 uno
355 2002 473 2068 ordine
509 2002 660 2069 habendi
694 2004 865 2070 videntur.
896 2003 1069 2070 Omnes
1091 2003 1326 2090 percipiebant
1349 2003 1419 2068 fru-

250 2123 406 2182 mentum
431 2138 561 2204 -quo
584 2117 758 2183 Romanos
781 2117 1000 2204 potissimum
1026 2118 1152 2183 vixisse
1176 2124 1297 2183 notum
1316 2122 1421 2182 est—

249 2236 282 2296 et
309 2229 439 2296 Romae
463 2237 552 2296 certe
576 2231 749 2297 frumento
772 2237 869 2297 erant
892 2232 1009 2311 incisi;
1035 2238 1219 2318 praeterea,
1245 2236 1322 2296 utut
1345 2235 1419 2296 erat

249 2349 424 2423 statutum,
449 2344 584 2430 saepius
607 2345 710 2409 etiarn
735 2344 812 2421 alie,
838 2351 875 2409 ut
893 2345 1018 2425 oleum,
1035 2345 1167 2426 vinum,
1181 2344 1355 2425 vestitum,
1368 2343 1420 2408 in·

250 2456 384 2522 terdum
431 2457 570 2523 fortasse
620 2457 672 2524 vel
709 2457 966 2539 habitationem,
1002 2457 1156 2544 praebita
1189 2457 1292 2524 luisse
1328 2457 1422 2523 credi

250 2577 370 2658 potest.
395 2570 421 2659 2)

294 2685 390 2763 Quae
414 2685 441 2750 si
464 2706 546 2750 vera
569 2690 658 2764 sunt,
685 2685 849 2750 Henzeno
874 2706 943 2751 non
967 2685 1164 2750 assentieris
1187 2682 1420 2769 autumanti⁸)

250 2799 397 2865 Traiano
433 2797 519 2862 nihil
544 2797 638 2863 aliud
662 2797 836 2883 agendum
860 2799 972 2879 fuisse,
1001 2798 1066 2864 nisi
1089 2804 1128 2863 ut
1150 2797 1275 2864 tabulis
1298 2818 1418 2864 eorum

285 3026 303 3087 ¹)
335 3026 389 3090 Dig.
416 3027 542 3086 Xllllllll,
569 3028 591 3086 l,
618 3028 640 3076 6.
675 3027 799 3090 Rnggiero,
824 3027 875 3074 Dis.
899 3027 972 3091 epigr.
990 3043 1008 3075 s.
1028 3043 1049 3075 v.
1067 3027 1179 3076 alimenta
1196 3027 1218 3089 (I
1236 3043 1281 3091 pag
1306 3026 1372 3086 404),
1391 3042 1420 3074 ex

248 3111 328 3159 eodem
354 3109 424 3158 titulo
450 3110 527 3174 primo
554 3111 652 3158 huiusce
677 3109 734 3159 libri
761 3110 912 3173 Digestorum
935 3110 1051 3174 trigesimi
1069 3111 1149 3174 quarti
1166 3110 1184 3159 l.
1202 3127 1295 3174 quoque
1312 3109 1327 3157 9
1347 3115 1370 3158 et
1389 3109 1419 3161 17

248 3195 321 3250 effert,
339 3197 366 3242 ut
382 3195 505 3242 confirmet
520 3193 635 3243 alimenta
652 3193 728 3242 volere
745 3195 900 3250 trumentum,
918 3193 980 3241 nihil
998 3193 1071 3242 uliud.
1106 3194 1160 3258 Quo
1177 3194 1228 3242 iure
1246 3193 1307 3242 mibi
1322 3192 1419 3256 quidem

249 3293 296 3326 non
314 3276 398 3340 liquet.

282 3360 302 3419 ἵ)
335 3360 452 3423 Equidem
469 3359 544 3423 igitur
561 3376 608 3407 non
625 3364 673 3408 tom
691 3375 776 3418 severe,
794 3375 865 3423 quam
886 3358 1017 3407 Rodbertus
1034 3359 1096 3417 iecit,
1111 3359 1419 3423 distinguendumessepu·

249 3447 273 3491 to
292 3443 354 3491 inter
371 3441 487 3506 quasillo
505 3447 570 3491 vocet
588 3443 791 3491 Frumentations-
812 3447 835 3490 et
854 3442 1181 3506 Alimentationsrtistuspen.
1216 3441 1283 3505 Quae
1300 3441 1320 3490 si
1338 3456 1420 3504 reapse

249 3542 344 3590 prorsus
370 3525 525 3588 disiungendn
551 3530 613 3584 sunt,
631 3525 737 3588 sequitur
755 3524 846 3572 Veleiae
863 3529 886 3572 et
902 3524 1041 3572 Tarracinae
1061 3526 1206 3572 frumentum
1224 3523 1301 3572 multo
1319 3523 1419 3572 minoris

249 3608 382 3657 constitisse
398 3624 469 3672 quarn
479 3607 550 3671 vulgo
559 3612 650 3672 putant.
668 3608 738 3672 Quod
747 3613 848 3655 statuere
858 3607 989 3655 Rodbertus
998 3623 1045 3655 non
1055 3606 1173 3655 dubitavit
1182 3607 1239 3667 (Zur
1248 3607 1287 3655 rr.
1298 3607 1320 3654 d.
1330 3605 1418 3654 Saohw.

249 3691 272 3739 d.
293 3691 377 3739 Geldes
395 3691 428 3740 im
446 3691 505 3749 Ale,
524 3691 542 3739 l.
560 3691 576 3738 l.
587 3707 638 3755 pag.
652 3691 709 3748 410)
719 3711 724 3738 :
737 3690 821 3753 „Muss
830 3705 884 3738 mon
895 3689 1028 3748 testbnlten,
1037 3691 1090 3738 dass
1099 3705 1159 3754 resp.
1172 3689 1201 3738 lo
1212 3689 1260 3738 und
1270 3689 1302 3736 20
1311 3689 1370 3737 Sest.
1380 3689 1419 3736 fiir

249 3775 294 3823 den
312 3774 410 3823 Knsben
429 3775 478 3824 und
496 3775 527 3823 12
544 3791 604 3838 resp.
624 3775 654 3822 lo
672 3775 729 3822 Sest¹
748 3774 786 3821 liir
802 3774 843 3822 das
861 3773 976 3822 Midcben
994 3773 1061 3820 nicht
1077 3773 1129 3821 blos
1141 3789 1169 3821 zu
1179 3773 1308 3830 Brodlrom,
1318 3772 1419 3820 sondern

249 3873 291 3906 sur
314 3863 458 3921 gesammten
485 3858 655 3906 Alimentation
682 3857 746 3905 eines
773 3857 866 3904 Monets
884 3856 1022 3912 hinreicbte‚
1041 3873 1066 3904 so
1084 3857 1175 3904 werden
1193 3856 1244 3904 sich
1261 3855 1418 3904 hochstenst

249 3942 306 3989 Sest.
324 3941 360 3988 111
377 3941 622 4005 Durchschnittspreis
640 3941 679 3989 des
696 3941 843 3988 frumentum
860 3939 1028 3988 herousstellen
1047 3941 1095 3988 und
1115 3938 1419 4002 jeneStiltungsurkunden

250 4035 304 4083 sind
323 4035 362 4083 ein
379 4035 529 4098 schlagender
546 4036 634 4084 Beweis
651 4037 689 4084 fiir
706 4037 744 4084 die
763 4034 963 4083 ›Wohlteilheit‹
981 4035 1021 4082 des
1038 4034 1127 4082 bobeno
1145 4035 1194 4082 und
1211 4033 1260 4082 also
1277 4034 1321 4082 den
1340 4031 1417 4080 hohen

250 4117 382 4166 Sschwerth
401 4119 439 4165 des
453 4118 538 4167 Geldes
554 4119 588 4166 im
607 4118 767 4168 Alerthumff’

283 4199 303 4262 ⁸)
337 4200 373 4250 De
388 4199 435 4250 tab.
452 4199 558 4252 aliment.
576 4201 646 4250 Boeb.
665 4201 682 4250 1.
700 4200 717 4250 1.
735 4217 787 4272 pag.
806 4201 846 4252 22.
