3296 5008
668 1763 789 1809 PARS
821 1762 1034 1818 QUARTA.

306 1969 433 2049 Quid
465 1969 685 2036 fecerint
718 1970 818 2056 ipsi
853 1991 1096 2056 pauperes
1129 1969 1183 2034 ad
1217 1975 1401 2036 statum

580 2104 714 2148 suum
748 2081 1123 2149 sublevandum.

312 2311 392 2378 Una
425 2316 529 2376 restat
562 2309 734 2376 movenda
768 2309 933 2396 quaestio,
965 2309 1007 2374 dc
1031 2309 1229 2375 tenuiorum
1253 2309 1438 2374 hominum

267 2430 391 2490 mutuo
413 2423 554 2489 auxilio.
599 2423 642 2488 In
665 2423 844 2489 Prooemio
869 2421 895 2508 ¹)
918 2423 988 2488 iam
1014 2424 1134 2488 monui
1156 2422 1324 2488 eiusmodi
1336 2443 1440 2489 curae

190 2559 191 2562 ’
268 2558 378 2624 pauca
411 2544 546 2602 tantum
582 2537 726 2624 vestigia
758 2537 910 2622 reperiri,
944 2536 1049 2624 idque
1083 2537 1121 2601 in
1155 2535 1316 2620 collegiis,
1347 2557 1438 2622 quae

267 2651 452 2718 Caesarum
489 2671 570 2716 cum
603 2650 755 2715 maxime
787 2656 897 2716 aetate
931 2649 1108 2716 florebant.
1178 2649 1279 2715 Hanc
1315 2671 1437 2715 curam

267 2763 371 2850 paulo
408 2763 607 2848 diligentius
639 2763 791 2849 itemque
825 2762 1049 2849 perbreviter.
1069 2784 1241 2850 exponere
1273 2763 1438 2830 hocloco

267 2877 355 2942 mihi
376 2883 427 2943 est
448 2877 674 2963 propositum.

310 2990 539 3076 Imperatores
572 2989 729 3072 Romani,
764 2998 802 3056 ut
832 2990 982 3076 plurima
1007 2991 1170 3076 variaque
1192 2989 1336 3074 collegia
1358 3010 1439 3056 con·

266 3103 403 3170 firmare
437 3124 507 3168 non
530 3102 764 3188 gravabantur
791 3103 828 3189 ⁵²),
852 3105 900 3169 ita
922 3105 992 3185 illa,
1016 3126 1104 3191 quae
1130 3126 1172 3170 ne
1198 3104 1241 3170 ad
1261 3103 1439 3170 seditiosos

265 3224 381 3284 coetus
403 3217 534 3283 coirent
557 3217 773 3299 verebantur,
797 3219 924 3304 pariter
946 3219 1139 3304 opprimere
1151 3216 1350 3304 pergebant.
1392 3217 1437 3283 In

265 3330 320 3396 his
353 3330 413 3397 vix
448 3329 610 3396 videntur
643 3331 792 3416 posuisse
827 3332 960 3416 collegia
987 3333 1178 3412 mutorum,
1203 3351 1291 3418 quae
1316 3329 1436 3396 dicun·

265 3451 331 3511 tur.
377 3443 478 3522 Quod
512 3443 635 3508 docent
669 3443 737 3509 duo
760 3443 827 3510 loci
849 3466 868 3510 e
891 3445 1051 3529 Digestis,
1077 3465 1227 3530 quorum
1252 3443 1339 3510 alter
1361 3451 1434 3510 cst:

267 3557 459 3639 „Mandatis
493 3556 739 3643 principalibus
773 3559 981 3644 praecipitur
1005 3557 1218 3644 praesidibus
1241 3557 1435 3644 provincia-

264 3693 352 3753 rum,
377 3692 421 3736 ne
444 3670 619 3756 patiantur
642 3692 712 3736 esse
736 3670 879 3756 collegia
902 3671 1063 3738 sodalicia
1085 3693 1172 3738 neve
1197 3671 1323 3737 milites
1335 3671 1435 3738 colle·

263 3785 320 3871 gia
353 3785 390 3850 in
424 3784 542 3850 castris
573 3783 732 3850 habeant.
756 3785 815 3850 sed
837 3785 1048 3871 permittitur
1071 3784 1285 3852 tenuioribus
1307 3786 1432 3872 stipem

263 3906 477 3964 menstruam
511 3899 674 3980 conferre,
710 3898 795 3964 dum
829 3905 946 3965 tamen
969 3898 1074 3965 semel
1097 3899 1134 3964 in
1158 3920 1274 3965 mense
1298 3906 1429 3980 coeant,

262 4032 306 4078 ne
350 4010 414 4077 sub
460 4017 641 4098 praetextu
678 4012 877 4078 huiusmodi
910 4013 1071 4078 illicitum
1104 4011 1288 4097 collegium
1322 4019 1429 4080 coeat.
