3296 5008
756 518 819 584 259

242 699 266 763 i.
312 699 401 768 Vere
414 698 589 764 Romanos
605 696 796 763 mendic
810 719 830 762 a
843 719 888 762 re
914 697 1073 784 puduisse
1087 697 1126 762 in
1137 696 1317 763 Prooemio
1343 694 1369 782 ¹)

199 811 269 876 iam
303 812 433 878 monui.
480 810 584 891 Nullo
619 817 772 896 tempore
808 817 924 875 tamen
962 810 1107 876 defuisse
1133 811 1193 897 qui
1216 810 1369 896 precaria

200 925 284 1010 stipe
321 925 515 990 victitarent
548 946 566 990 e
601 923 823 1010 scriptoribus
857 923 957 1010 plane
992 923 1234 1008 intellegimus.
1292 923 1367 987 Iam

199 1037 313 1103 Plauti
351 1043 460 1104 aetate
485 1038 721 1104 mendicantes
744 1043 841 1102 extra
864 1044 997 1123 portam
1022 1038 1242 1122 trigeminam
1262 1036 1369 1102 oonsi-

200 1151 278 1216 dere
301 1149 464 1218 solebant.
496 1149 523 1237 2)
569 1151 616 1216 At
639 1151 822 1216 deteriores
846 1173 957 1216 mores
981 1151 1018 1215 in
1037 1151 1109 1216 dies
1121 1149 1368 1216 increbrescere

199 1265 317 1331 solent.
364 1265 464 1344 Quod
488 1265 544 1330 hic
568 1286 706 1352 quoque
731 1265 884 1336 evenisse
908 1271 1011 1351 patet.
1059 1264 1271 1329 Caesarianis
1295 1264 1369 1349 qui·

199 1379 278 1444 dem
302 1380 512 1466 temporibus
536 1379 774 1444 mendicorum
799 1379 952 1443 maxima
975 1384 1046 1444 erat
1067 1377 1210 1442 facultas
1237 1377 1369 1464 inpon-

200 1493 299 1574 tibus‚
334 1493 370 1559 in
398 1493 505 1571 clivia,
529 1493 566 1558 iu
592 1493 656 1558 viis
680 1492 837 1579 publicis,
861 1493 899 1556 in
924 1490 1153 1558 celeberrimis
1176 1490 1270 1556 urbis
1294 1513 1369 1576 par·

199 1607 299 1672 tibus.
323 1611 348 1692 ³)
393 1607 539 1672 Plurimi
567 1628 648 1672 saue
674 1613 772 1672 erant
796 1606 978 1692 peregrini,
1001 1605 1121 1671 Iudaei
1145 1604 1282 1690 aliique,
1307 1605 1368 1691 qui

198 1721 491 1806 praetereuntium
514 1721 784 1786 misericordiam
808 1721 979 1807 requirere
997 1718 1089 1784 haud
1103 1717 1205 1783 dubie
1219 1717 1368 1804 plerum·

200 1856 266 1921 que
290 1835 359 1899 iam
383 1856 403 1899 a
426 1835 542 1922 pueris
565 1837 811 1900 assuescebant.
836 1835 863 1918 ⁴)
909 1833 1001 1912 Quid
1015 1833 1124 1917 ergo?
1152 1833 1207 1896 Ex
1218 1831 1292 1918 ipsa
1304 1831 1368 1897 hac

199 1948 436 2040 mendicorum
469 1949 662 2034 frequentia
696 1949 851 2028 efficitur,
887 1955 1017 2012 utnon
1042 1945 1218 2032 pauciores
1241 1945 1368 2010 fuerint

198 2060 258 2142 illi,
299 2063 359 2148 qui
393 2063 574 2147 egentibus
612 2063 736 2147 stipem
771 2061 942 2148 porrigere
979 2059 1134 2124 solerent.
1182 2058 1367 2144 Plerosque

170 2181 315 2241 tamen
350 2197 370 2240 a
404 2198 485 2241 vera
520 2175 750 2242 misericordia
782 2175 882 2259 louge
907 2173 1030 2239 afuisse
1054 2173 1152 2237 docet
1174 2171 1291 2238 Senec.
1316 2172 1367 2237 De

198 2288 304 2354 Olem.
327 2289 373 2370 ΙΙ,
398 2291 428 2368 6,
454 2290 484 2354 2.
510 2290 535 2374 ⁵)

241 2402 360 2468 Restat
404 2402 640 2469 Romanorum
676 2400 932 2479 clientela,
968 2400 1008 2465 de
1045 2420 1113 2485 qua
1146 2399 1182 2463 in
1206 2397 1366 2484 proximo

197 2517 307 2602 capite
331 2517 484 2582 dicturus
507 2538 593 2582 sum.

202 2695 393 2704 ——--

232 2777 249 2840 ¹)
282 2780 375 2844 rua-'t

231 2862 249 2924 ²)
283 2863 342 2910 Vide
359 2861 437 2910 Plaut.
455 2863 522 2925 Capt.
541 2862 560 2917 I,
581 2861 602 2918 l,
621 2861 660 2908 22.

229 2945 248 3007 ³)
283 2946 319 2993 CI.
349 2945 427 2993 Sanco.
450 2945 485 2992 De
503 2945 557 2992 Vita
573 2944 639 2993 beata
656 2945 697 3001 25,
716 2943 745 3000 l;
763 2943 816 2990 Iuv.
834 2941 875 2998 IV,
896 2941 941 2994 117
960 2957 998 3004 aeq
1017 2960 1023 2998 ;
1042 2941 1105 3000 XIV,
1124 2939 1188 2997 134;
1207 2939 1277 2987 Mart.
1295 2939 1324 2994 X,
1343 2940 1365 2994 5,

197 3028 228 3086 3;
246 3029 302 3085 ΧΠ,
319 3027 358 3083 32,
377 3028 417 3076 25.
849 3024 853 3033 '

229 3113 248 3172 ⁴)
283 3111 354 3160 Mart.
381 3111 436 3168 XII,
464 3110 502 3165 57,
532 3109 576 3157 13:
605 3111 642 3172 „A
668 3114 741 3158 matre
767 3109 848 3156 doctus
867 3146 871 3156 .
890 3123 969 3170 rogare
989 3107 1114 3156 Iudaeus.''
1150 3107 1281 3154 Hominum
1296 3105 1365 3154 uriac-

196 3195 321 3243 ricordiam
340 3195 411 3242 variis
429 3195 504 3242 modia
522 3208 668 3240 commovere
684 3191 816 3240 studebant.
851 3193 930 3238 Senec.
950 3191 984 3238 De
1002 3189 1077 3238 Clam.
1096 3190 1128 3246 ll,
1149 3191 1171 3246 6,
1185 3191 1215 3238 3:
1236 3190 1366 3254 ,‚(Sapiens)

197 3277 287 3326 voltum
313 3279 410 3342 quidem
437 3295 483 3325 non
510 3277 593 3325 deiciet
620 3293 661 3323 uec
686 3275 792 3323 animum
818 3274 847 3322 ob
874 3290 928 3322 crus
953 3274 1054 3322 alicuius
1071 3274 1164 3321 aridum
1181 3278 1221 3322 aut
1237 3289 1365 3338 pannosam

196 3361 293 3409 maciem
320 3365 342 3409 et
357 3362 463 3409 innixam
481 3359 564 3408 baculo
582 3357 748 3406 scneotutem.’'
766 3357 888 3420 Naustagi,
906 3357 947 3420 qui
965 3357 1044 3405 omnia
1058 3357 1366 3420 suapsrdidarantmendi-

195 3448 274 3492 cautes
299 3443 403 3492 tabulam
421 3460 498 3491 aecum
517 3442 628 3498 ferebant,
646 3442 671 3489 in
689 3457 735 3504 qua
752 3444 878 3502 tempestas
895 3439 986 3502 depicta
1003 3443 1060 3486 crat.
1095 3439 1131 3487 cf.
1149 3439 1248 3487 Phaedr.
1266 3439 1307 3497 lv,
1325 3439 1365 3497 22,

197 3527 228 3574 24
254 3543 334 3591 aeqq.;
362 3528 444 3575 Horat.
463 3529 491 3574 Α.
509 3528 534 3574 Ρ.
554 3526 586 3574 20
603 3542 666 3589 aeq.;
695 3524 759 3571 Pers.
777 3523 796 3579 1,
816 3523 846 3570 88
865 3539 945 3586 seqq.;
972 3522 1012 3577 VI,
1032 3523 1062 3569 32
1081 3538 1144 3585 aeq.;
1162 3523 1234 3571 Mart.
1252 3523 1307 3580 llll,
1326 3523 1365 3580 57,

198 3610 244 3668 12;
271 3611 323 3658 Iuv.
351 3610 414 3666 XlV,
442 3611 488 3658 301
508 3627 555 3673 seq.
591 3608 658 3657 illias
675 3606 850 3655 misericordiae
867 3605 993 3669 captandae
1010 3605 1110 3653 rationes
1129 3605 1182 3652 vide
1198 3606 1260 3669 apud
1277 3605 1364 3653 Friedl.

194 3691 211 3740 l.
229 3692 246 3740 l.
264 3693 276 3741 Ι
293 3709 345 3756 pag.
365 3693 421 3742 296.

229 3776 247 3837 ⁶)
282 3776 353 3824 Hunc
370 3775 449 3824 locum
467 3776 514 3824 iarn
531 3775 568 3822 bis
585 3773 706 3835 descripsi,
724 3788 791 3836 pagg.
812 3771 841 3818 12
859 3775 882 3819 et
900 3771 957 3819 240.
