3296 5008
697 793 936 886 nrrnocus.

279 1021 447 1108 Prospero
480 1020 637 1088 fortunae
672 1022 756 1086 flatu
790 1024 843 1086 usi
877 1021 948 1088 iam
971 1022 1015 1088 ad
1038 1028 1171 1110 optatos
1194 1023 1308 1089 exitus
1331 1043 1407 1109 per·

236 1134 326 1202 vecti
356 1155 484 1200 sumus.
530 1134 649 1201 Restat
672 1141 712 1200 ut
732 1135 907 1222 paulisper
931 1137 1150 1223 respicientes
1172 1157 1292 1203 eorum
1315 1157 1405 1223 quae

235 1248 461 1334 cognovimus
494 1248 663 1328 rationem
698 1247 939 1316 subducamus,
987 1249 1052 1317 Vel
1087 1250 1209 1337 potius,
1247 1271 1333 1335 quae
1367 1249 1404 1313 in

236 1363 415 1429 Prooemio
450 1361 578 1448 scripsi,
613 1361 670 1428 hio
705 1368 857 1449 repetere
894 1363 981 1428 nihil
1011 1363 1115 1430 habet
1140 1363 1306 1430 utilitatis.
1352 1361 1407 1428 Ibi

236 1477 330 1543 enim
353 1477 423 1542 iam
446 1476 646 1542 summatim
670 1477 813 1564 exposui
839 1499 899 1558 „ea
923 1499 1011 1564 quae
1034 1479 1273 1544 Romanorum
1298 1475 1407 1564 publi·

236 1591 284 1658 cis
316 1591 527 1678 privatisque
563 1590 752 1656 rationibus
787 1613 849 1677 pro
877 1591 1007 1658 viribus
1032 1591 1116 1658 meis
1140 1591 1322 1676 diligenter
1350 1612 1408 1656 ex·

236 1705 341 1772 cussis
375 1704 571 1770 confirmari
608 1726 704 1791 posse
740 1705 828 1770 mihi
861 1704 1127 1792 vide(ba)ntur.’'
1173 1705 1294 1791 Neque
1319 1725 1407 1790 quae

236 1819 278 1885 de
303 1817 446 1903 singulis
469 1817 552 1884 locis
574 1817 781 1898 iudicabam,
807 1819 843 1882 in
868 1819 1011 1903 singulis
1023 1817 1193 1906 capitibus
1205 1839 1275 1883 non
1288 1817 1405 1883 effudi.

237 1933 401 1998 Attamen
435 1952 506 1997 una
539 1932 845 2018 comprehensione
880 1933 997 1998 omnia
1020 1931 1201 2018 complecti
1226 1953 1296 1997 non
1319 1930 1406 1995 indi·

237 2067 347 2131 gnum
381 2046 527 2112 videtur.
554 2044 578 2132 ι)
624 2046 693 2124 Qui
706 2046 910 2112 contendere
934 2046 1015 2112 velit
1029 2047 1203 2112 Romanos
1216 2064 1406 2131 pauperum

237 2158 426 2225 rationibus
461 2158 733 2246 haudquaquam
768 2160 991 2246 prospexisse,
1023 2160 1051 2224 is
1072 2159 1294 2224 vehementer
1318 2179 1410 2223 erra·

239 2272 298 2339 bit.
345 2272 393 2338 At
415 2272 606 2338 medicinae
630 2273 870 2340 imbecilliores
895 2280 993 2339 erant
1016 2294 1122 2358 quam
1145 2271 1296 2338 morbus.
1341 2271 1410 2337 Im·

240 2408 296 2452 mo
328 2392 465 2453 tantum
488 2385 606 2451 aberat
628 2393 667 2452 ut
690 2388 901 2474 paupertatis
925 2386 1056 2452 malum
1083 2407 1117 2452 re
1141 2407 1223 2453 vera
1246 2385 1408 2472 reprime·

240 2507 343 2580 retur,
367 2506 406 2565 ut
431 2500 582 2586 quodam
608 2501 709 2566 modo
733 2501 837 2566 etiam
861 2507 1059 2586 augesceret
1082 2505 1116 2566 et
1138 2500 1174 2564 in
1188 2499 1259 2566 dies
1272 2498 1410 2565 altiores

240 2620 355 2698 ageret
379 2613 518 2679 radices.
565 2614 643 2679 Non
667 2615 703 2678 in
730 2614 883 2680 Sallustii
906 2621 1042 2680 tantum
1068 2619 1214 2679 aetatem
1238 2613 1410 2679 caditvox

240 2727 299 2792 illa
322 2726 544 2813 pervulgata:
573 2727 770 2807 „Iuventus
796 2750 884 2814 quae
908 2729 944 2792 in
968 2728 1059 2812 agris
1072 2715 1239 2792 manuum
1254 2724 1409 2791 mercede

241 2841 395 2927 inopiam
430 2840 644 2921 toleraverat,
681 2841 823 2928 privatis
858 2849 960 2928 atque
994 2840 1141 2928 publicis
1173 2839 1411 2924 largitionibus

242 2955 354 3020 excita
388 2953 562 3019 urbanum
591 2955 700 3020 otium
724 2956 860 3039 ingrato
883 2955 992 3021 labori
1013 2953 1251 3041 praetulerat.’'
1298 2954 1339 3018 Iu
1364 2953 1412 3018 di-

242 3068 443 3135 versissimis
477 3068 576 3133 donis
610 3069 810 3154 spargendis
834 3068 1010 3135 enitebant
1032 3068 1219 3154 locupletes
1241 3067 1411 3148 Romani;

243 3183 279 3247 in
326 3181 525 3248 turbulenta
559 3182 781 3248 multitudine
819 3182 1023 3249 delenienda
1057 3181 1188 3248 nemini
1222 3181 1411 3261 cedebant;

245 3317 345 3362 verae
369 3301 486 3362 tamen
508 3295 602 3361 illius
626 3297 877 3362 misericordiae
902 3307 936 3362 et
959 3296 1120 3375 caritatis,
1147 3316 1233 3382 quae
1249 3295 1284 3358 in
1299 3295 1414 3360 Euan-

243 3409 333 3495 gelio
356 3410 626 3497 praecipiuntur,
652 3417 750 3476 erant
773 3417 941 3496 expertes.
988 3411 1079 3475 Nam
1103 3409 1181 3474 illae
1199 3407 1416 3495 quoquevir·

244 3529 333 3590 tutes
367 3524 470 3590 unius
504 3523 651 3610 Spiritus
676 3523 803 3590 Christi
827 3524 918 3590 dona
941 3530 1032 3604 sunt,
1057 3523 1100 3589 ad
1125 3543 1210 3609 quas
1233 3521 1416 3608 pariendas

243 3659 367 3725 parum
390 3637 576 3724 proficiunt
600 3637 824 3703 humanitatis
844 3637 989 3724 quidam
1015 3637 1168 3717 affectus,
1196 3634 1416 3722 philosopho·

247 3773 326 3818 rum
349 3750 533 3832 doctrinae,
557 3772 773 3839 paganorum
796 3751 990 3837 religiones.

755 3969 947 3979 ——-

284 4234 303 4292 l)
336 4230 458 4297 Temporis
473 4233 590 4297 angustiis
605 4249 718 4298 perquam
735 4233 801 4281 brevi
819 4231 953 4298 praecidere
970 4245 1046 4294 cogor.
