3274 4998
755 403 839 533 14}
852 489 857 504 ¹

200 646 316 714 celeris
338 631 542 714 incrementi
564 647 636 734 ipse
660 647 801 734 quidem
823 645 917 712 testis
935 645 1011 727 fuit,
1024 644 1164 712 rationis
1176 643 1268 711 illius
1278 645 1372 712 testis

200 782 267 826 non
301 761 376 841 fuit,
401 781 471 848 qua
493 761 671 845 Augustus
694 760 846 827 Caesaris
871 760 1009 846 incepta
1032 780 1202 826 renovans
1226 779 1316 824 anno
1340 780 1370 824 a.

200 895 232 939 n.
266 895 295 939 c.
330 873 395 939 752
425 873 468 962 (a.
493 874 572 940 Chr.
598 897 630 940 n.
656 875 690 960 2)
716 873 740 959 ¹)
770 873 1016 960 accipientium
1040 851 1225 938 numerum
1248 871 1292 937 ad
1316 871 1371 938 00

200 985 293 1052 milia
317 987 465 1053 reduxit.
480 985 505 1073 ²)
528 987 583 1052 Ex
605 986 673 1053 illis
694 985 777 1052 loeis
799 986 905 1071 igitur
927 1007 990 1072 ego
1014 986 1079 1052 hoe
1094 984 1227 1070 collige,
1241 991 1372 1073 postre-

200 1099 263 1165 mis
297 1106 377 1166 ante
402 1099 578 1166 Christum
600 1107 723 1165 natum
746 1099 919 1166 decenniis
942 1100 1031 1165 inter
1056 1121 1121 1179 eos,
1147 1099 1208 1186 qui
1228 1099 1302 1164 iure
1327 1121 1370 1164 an

200 1213 326 1278 iniuria
349 1213 593 1279 frumentariae
616 1212 806 1299 largitionis
830 1213 1011 1299 participes
1034 1219 1154 1294 essent,
1168 1218 1218 1279 tot
1234 1217 1372 1297 egentes

201 1327 312 1404 luisse,
338 1333 377 1392 ut
389 1326 583 1412 Dionysius,
598 1326 812 1407 Plutarchus,
827 1326 901 1407 Dio,
915 1325 1037 1392 Graeci
1052 1325 1218 1407 homines,
1232 1346 1371 1391 omnem

203 1440 465 1506 frumentariam
490 1439 627 1526 plebem
649 1425 794 1527 inopum
818 1446 957 1524 (ἀπόρων)
981 1437 1210 1526 appellatione
1234 1443 1373 1505 notave·

198 1553 276 1619 rint.

241 1667 268 1732 b.
316 1666 448 1732 Horam
473 1667 684 1752 &sepitionem
705 1668 789 1732 cotto
813 1689 849 1732 oo
870 1674 998 1733 notare.
1045 1665 1248 1733 Cavendum
1265 1669 1371 1732 estne

198 1780 345 1846 rationes
379 1780 604 1866 institutaque
631 1786 827 1847 nostrorum
850 1787 1048 1867 temporum
1071 1780 1108 1845 iu
1133 1780 1371 1846 Romanorum

199 1914 335 1980 quoque
359 1900 507 1959 aetatem
528 1915 567 1960 ac
592 1915 702 1960 mores
725 1894 844 1961 cadere
869 1901 1039 1981 putemus.
1085 1893 1187 1973 Quod
1200 1893 1370 1960 nescioan

198 2006 247 2072 illi
269 2007 397 2073 faciant
421 2008 491 2094 qui,
516 2015 554 2073 ut
576 2007 780 2074 confirment
802 2008 978 2088 Romanis,
991 2029 1072 2074 oum
1084 2007 1297 2073 frumentum
1311 2028 1371 2094 pu·

202 2119 288 2186 blice
323 2119 577 2202 distribuerent,
613 2121 789 2205 egentium
821 2121 996 2208 quandam
1019 2142 1139 2188 curam
1161 2121 1371 2207 propositam

202 2234 313 2313 luisse,
337 2234 427 2301 inter
450 2234 518 2300 alia
540 2242 574 2302 et
597 2242 755 2301 naturam
781 2235 830 2301 rei
852 2235 1007 2302 afferant.
1037 2233 1220 2315 Haectria,
1234 2255 1370 2320 quaeso,

204 2353 316 2413 tecum
349 2347 551 2414 consideres.
599 2350 643 2414 1⁰.
678 2348 921 2415 Islramcatora‘ua
946 2349 1023 2433 leoco
1044 2370 1079 2414 aa
1097 2348 1245 2434 partiam
1266 2349 1371 2414 atodt'o

202 2469 285 2528 ortae
318 2483 386 2528 cccc.
411 2461 437 2548 ³)
484 2461 713 2548 Aliquantum
747 2461 909 2530 valebant
942 2461 986 2528 ad
1021 2483 1142 2527 auram
1167 2460 1369 2549 popularem

202 2575 428 2662 captandam;
465 2596 570 2662 quare
601 2574 740 2642 illorum
764 2583 852 2642 certe
877 2575 973 2641 nulla
995 2575 1080 2641 ratio
1104 2581 1176 2641 erat
1198 2574 1368 2655 habenda,

203 2687 337 2776 quibua,
383 2688 520 2756 civitate
555 2688 758 2770 carentibus,
793 2689 831 2755 in
861 2689 1007 2756 comitiis
1042 2689 1244 2774 suffragium
1280 2688 1367 2756 ferre

202 2824 272 2869 non
294 2801 420 2869 liceret.
467 2803 512 2868 2⁰.
536 2802 586 2868 Ne
603 2814 676 2888 poet
699 2801 860 2869 Gaesarem
883 2803 1011 2890 quidem
1033 2801 1257 2888 etAuynstaot
1268 2802 1373 2868 allam

201 2918 358 2982 rationem
403 2916 547 2982 habitura
579 2938 639 2982 ecee
673 2917 851 2982 teneare.
888 2918 914 3001 ⁴)
960 2916 1007 2982 At
1046 2937 1126 2984 vero
1160 2917 1197 2982 in
1231 2916 1273 2982 iis
1309 2915 1369 3002 qui

203 3029 521 3096 sustentandi
548 3029 616 3096 sint
638 3029 817 3095 honestam
842 3030 949 3095 vitam
973 3029 1126 3116 primum
1149 3051 1219 3096 esse
1246 3029 1373 3095 dixeris

203 3143 296 3231 quod
329 3143 418 3208 iusto
448 3142 522 3208 iure
557 3141 759 3229 postuletur.
806 3143 852 3208 3⁰.
890 3141 976 3222 Quid
997 3141 1140 3208 Romani
1166 3142 1374 3208 conterende

202 3258 335 3322 ciratota
386 3255 553 3336 „Civitas”
590 3255 642 3340 (de
674 3257 773 3337 atoot)
807 3255 973 3320 Romanis
1007 3276 1077 3320 non
1112 3260 1185 3320 erat
1207 3254 1372 3341 quiddam

201 3369 424 3457 incorporale,
450 3369 541 3455 quod
564 3368 763 3454 cogitationi
786 3375 931 3449 tantum,
956 3389 1025 3434 non
1050 3368 1173 3449 sensui,
1195 3374 1282 3434 esset
1297 3367 1374 3434 sub·

201 3483 339 3549 iactum.
385 3483 428 3548 In
452 3481 579 3568 populo
603 3481 715 3548 omnis
738 3502 818 3568 pars
841 3482 989 3548 civitatis
1001 3481 1249 3548 continebatur.
1273 3481 1373 3560 Quod

239 3687 256 3745 ¹)
291 3687 376 3734 Annus
394 3701 442 3734 non
460 3701 555 3748 prorsus
574 3688 671 3734 constat.
706 3684 766 3734 Vide
783 3685 895 3734 Momms.
913 3686 964 3734 le
973 3684 1046 3734 Iw
1062 3701 1113 3752 pag.
1132 3684 1171 3733 60.

236 3767 256 3827 ²)
291 3768 327 3817 Ol.
346 3785 398 3832 pag.
419 3767 474 3816 135.
509 3767 619 3816 Ceterum
638 3767 689 3832 ipse
706 3767 839 3832 Dionysius
855 3769 957 3832 graviter
973 3773 1053 3817 monet
1070 3768 1120 3827 (IV,
1138 3768 1177 3826 24,
1196 3767 1219 3826 7,
1237 3768 1270 3827 8),
1287 3783 1317 3815 ne
1333 3766 1374 3816 ho-

203 3852 278 3900 mines
295 3851 364 3900 nulla
381 3868 406 3900 re
422 3851 484 3899 bona
500 3851 567 3914 digni
585 3855 671 3899 temere
688 3851 715 3899 in
732 3851 851 3900 civitatem
869 3851 1020 3900 asciscuntur.

235 3933 255 3994 ³)
290 3934 326 3982 Cf.
345 3951 396 3999 pag.
416 3933 464 3982 130
481 3951 529 3998 seq.

235 4018 254 4077 ⁴)
288 4017 367 4068 Sanco.
386 4018 421 4066 De
438 4017 518 4066 Benef.
536 4017 578 4072 IV,
596 4017 637 4076 28,
655 4018 686 4065 2:
704 4018 877 4076 „Frumentum
894 4016 1019 4081 publicum
1037 4021 1088 4065 tam
1105 4017 1144 4065 fur
1156 4032 1226 4081 quam
1236 4017 1342 4081 periurus
1351 4022 1375 4065 et

202 4099 295 4150 adulter
319 4100 440 4164 accipiunt
464 4104 488 4148 et
512 4100 564 4148 sine
591 4099 682 4148 delectu
708 4115 801 4148 morum
827 4099 935 4164 quisquis
951 4099 1041 4148 incisus
1058 4085 1100 4148 est.
1118 4099 1232 4164 quiequid
1248 4098 1315 4148 alind
1332 4104 1374 4156 est,

202 4183 265 4248 qnod
283 4187 402 4247 tamqnam
420 4182 475 4240 civi,
494 4198 542 4230 uon
558 4186 679 4246 tamqnam
696 4182 758 4231 bono
775 4182 850 4240 datur,
868 4198 985 4247 exaequo
1002 4181 1058 4232 boni
1074 4168 1101 4232 ao
1117 4182 1175 4233 mali
1193 4182 1295 4232 serunt.”
