3274 4998
658 489 664 508 ·
730 456 794 522 147

178 657 246 702 non
281 634 458 701 haberent.
504 634 617 712 Immo
653 633 813 721 equidem
848 633 1053 700 contendere
1088 632 1194 700 velim
1222 633 1350 700 Caesar

177 749 412 834 Augustoque,
458 769 537 814 cum
582 747 716 814 tabulas
760 747 976 827 conficerent,
1012 746 1196 812 discrimen
1231 746 1347 812 fecisse

177 863 322 940 ciuitatis,
365 883 457 926 non
480 863 527 926 rei
543 862 722 947 familiaria
740 859 918 926 rationem.
953 860 1063 946 quue
1087 881 1157 925 non
1180 859 1252 926 siue
1275 881 1350 944 gra·

179 975 280 1042 vibus
317 975 436 1042 causis.
485 973 529 1041 1⁰.
564 975 674 1040 Dione
710 981 847 1041 auctore
882 975 1005 1041 Caesar
1039 971 1349 1049 tereramunda

175 1090 355 1176 (tanquam
393 1091 524 1174 censor)
559 1109 738 1154 recensum
775 1089 854 1173 egit,
880 1086 905 1174 ¹)
929 1094 963 1153 et
988 1087 1081 1174 apud
1105 1087 1245 1154 Livium
1268 1086 1350 1172 legi·

176 1225 272 1268 mus:
312 1202 526 1282 „Recensum
559 1201 638 1286 egit,
674 1223 742 1288 quo
770 1223 871 1267 censa
906 1207 986 1267 sunt
1020 1201 1207 1267 civium
1237 1201 1349 1288 capita
1398 1191 1400 1198 ¹

176 1323 315 1382 centurn
340 1315 592 1402 quinquaginta
616 1314 743 1380 milia.”
769 1314 795 1400 Β)
843 1315 896 1380 En
919 1314 1087 1388 habemus
1109 1314 1259 1380 eundem
1283 1336 1344 1380 nu·

176 1451 310 1496 merum
335 1429 378 1494 ad
403 1449 507 1515 quem
530 1429 713 1495 Suetonius
736 1429 941 1514 accipientes
953 1427 1347 1514 frumentumepublioo

176 1548 338 1609 retractos
360 1563 430 1607 esse
454 1541 556 1607 dicit!
604 1543 649 1607 2⁰.
675 1541 740 1607 Dio
764 1563 837 1607 rem
860 1541 897 1606 iu
922 1541 1016 1608 hunc
1040 1540 1184 1607 modum
1207 1547 1344 1609 narrat:

177 1645 255 1721 „rei
276 1657 414 1724 πλήθους
444 1660 498 1714 τοῦ
527 1650 578 1713 τὶν
608 1663 690 1713 σῖτον
720 1654 855 1734 φέροντος
879 1651 926 1717 ieri
947 1655 1151 1730 μακρότατον,
1174 1652 1217 1713 οὐ
1237 1653 1348 1716 κατὰ

175 1760 295 1830 δίκην
315 1754 386 1818 ἀλλ’
409 1758 446 1827 ὥς
467 1780 524 1818 του
544 1755 573 1818 ἓν
593 1768 658 1828 ταῖς
678 1760 823 1818 στάσεσιν
839 1759 922 1818 εἴωθε
935 1763 1111 1833 γίγνεσθαι,
1124 1755 1346 1838 ἐπαυξηθέντος

175 1860 307 1944 ἐξέτασιν
328 1850 498 1934 ἐποιήσατο,
520 1866 568 1924 καὶ
589 1863 657 1932 τούς
677 1883 715 1938 γε
729 1865 844 1939 ἡμίσεις
855 1863 930 1939 ὁμοῦ
940 1885 969 1922 τι
979 1861 1074 1922 αὐτῶν
1084 1864 1312 1942 τροατήλειψε.”
1325 1864 1348 1938 ³)

176 1969 272 2035 Haec
296 1968 402 2034 rerba
424 1974 456 2036 οὐ
473 1977 552 2039 κατὰ
568 1977 650 2048 δίκην
661 1989 775 2035 nonne
790 1987 930 2034 omnem
942 1967 1192 2033 dubitationem
1203 1967 1351 2034 tollunt?

177 2083 221 2148 3⁰.
245 2082 370 2148 Caesar
391 2073 535 2168 Pompei
559 2082 703 2166 vestigia
726 2087 861 2147 secutus
884 2086 943 2161 est,
969 2102 1072 2167 quem
1098 2081 1179 2166 quia
1198 2080 1351 2147 libertini

176 2196 372 2282 frequentes
410 2196 499 2262 inter
534 2195 670 2282 plebem
705 2194 965 2260 frumentariam
1002 2193 1157 2280 inrepere
1193 2193 1349 2276 solerent,

176 2308 310 2375 tabulas
345 2308 573 2375 conficiendas
596 2306 729 2375 curasse
753 2307 957 2395 fraudesque
981 2307 1166 2394 reprimere
1188 2313 1351 2374 conatum

176 2444 246 2489 osse
273 2444 377 2510 supra
410 2423 558 2490 narravi.
582 2423 609 2508 ⁴)
655 2422 726 2489 Vix
749 2421 959 2490 credendum
982 2427 1033 2487 est
1056 2420 1246 2502 Caesarem,
1271 2443 1350 2487 cum

177 2535 287 2602 multa
321 2535 417 2601 milia
452 2536 605 2602 mitteret
638 2536 675 2600 in
710 2534 955 2601 transmarinas
981 2533 1140 2614 coloniae,
1166 2535 1191 2616 ὅ)
1214 2534 1351 2602 colonos

176 2649 256 2716 istos
291 2671 360 2715 non
391 2649 608 2736 potissimum
631 2648 857 2734 desumpsisse
881 2670 924 2714 ex
947 2649 989 2714 iis
1012 2648 1072 2735 qui
1095 2648 1308 2714 frumentum
1332 2670 1350 2714 e
1380 2687 1384 2694 ·

177 2762 315 2850 publico
338 2763 541 2849 acciperent,
566 2761 592 2848 θ)
616 2763 664 2827 ita
687 2762 827 2849 quidem
852 2768 891 2828 ut
915 2763 974 2849 qui
999 2762 1217 2828 mitterentur
1240 2768 1351 2828 essent

177 2877 241 2963 ipsi
267 2876 419 2950 libertini
443 2876 503 2962 qui
525 2875 712 2942 interillos
734 2875 963 2962 inrepsissent.
994 2875 1190 2960 ¹(Strabone
1213 2881 1349 2942 auctore

179 2989 316 3056 colonos
338 2989 419 3054 istos
442 3010 558 3076 reapse
583 3010 747 3073 magnam
769 2995 904 3075 partem
926 2989 1028 3055 fuisse
1050 2988 1230 3055 libertinos
1249 3010 1352 3076 supra

180 3103 340 3169 vidimus.
363 3101 404 3188 7))
450 3101 619 3168 Libertini
646 3109 763 3168 autem
786 3102 841 3169 vsl
865 3103 902 3168 in
926 3102 1062 3169 civitate
1086 3102 1246 3186 ingenuis
1257 3101 1354 3169 cede·

153 3215 272 3282 ibant.
297 3214 323 3302 8)
369 3216 415 3280 4⁰.
451 3215 628 3300 Augustus
662 3215 746 3282 haec
781 3215 880 3282 dese
906 3215 1099 3302 praedicat:
1127 3213 1263 3295 „Plebei
1286 3214 1353 3280 Ro·

214 3377 232 3436 Ι)
266 3378 313 3426 uio
330 3377 396 3426 cm.
414 3377 503 3434 xuni,
522 3377 562 3436 as,
581 3377 603 3425 a.

212 3463 232 3520 ἵ)
266 3461 318 3510 uiv.
336 3461 389 3510 Per.
407 3459 477 3509 CXV.
679 3516 684 3532 Ι

212 3544 233 3604 ³)
266 3543 314 3592 Dio
331 3543 396 3591 Casa.
415 3543 502 3597 XLIII,
520 3543 560 3600 21,
578 3544 601 3590 4.

213 3628 233 3688 ⁴)
266 3625 453 3692 pag.188seq.

214 3711 233 3770 ι)
268 3709 304 3758 cf.
322 3724 394 3773 supra
411 3724 462 3771 pag.
481 3708 521 3756 96.

213 3792 233 3852 ⁶)
267 3792 321 3840 Non
348 3790 464 3856 perspicio
481 3789 538 3854 quid
556 3789 701 3838 Rodbertum
717 3790 840 3838 adduxerit
859 3793 887 3838 ut
903 3789 1027 3838 scriberet:
1047 3787 1129 3850 „Denn
1149 3804 1194 3836 von
1211 3787 1257 3836 deu
1274 3787 1351 3835 Korn·

180 3875 333 3939 empssngern
358 3874 450 3922 werden
467 3873 537 3921 keine
554 3889 582 3920 zu
600 3871 739 3921 Oolonisten
756 3872 925 3936 abgeuommeu
943 3870 1018 3919 sein.’¹
1052 3870 1112 3918 Vide
1128 3869 1281 3926 Rodbertum,
1298 3869 1315 3917 l.
1334 3868 1351 3918 l.

181 3971 225 4021 pag
249 3955 511 4018 serueueram.

213 4039 233 4102 7)
266 4039 312 4090 l.l

213 4122 234 4183 ⁸)
267 4121 385 4170 Libertini
412 4136 522 4184 magnam
548 4124 638 4185 partem
664 4124 730 4168 erant
754 4119 846 4176 aerarii,
872 4119 913 4182 qui
940 4118 1078 4182 suffragium
1096 4135 1144 4168 aron
1160 4118 1291 4175 habebant;
1309 4117 1351 4167 alii

183 4204 294 4272 permulti
321 4203 416 4256 civitate
441 4202 550 4252 carebant
575 4203 631 4270 quia
648 4203 710 4253 iusta
727 4218 753 4251 ac
770 4201 877 4271 legitima
898 4201 1084 4254 manumissione
1101 4218 1150 4254 uon
1166 4207 1233 4252 erant
1249 4201 1352 4256 liberati.
