3274 4998
717 550 780 615 139

164 725 205 792 ab
227 726 385 812 Augusto
409 725 577 813 duplicari
600 733 745 814 possent,
770 727 966 793 etiamcum
980 748 1118 794 annona
1131 725 1253 794 urbem
1264 747 1336 796 non

163 846 331 926 promeret
355 839 481 906 divisas
504 840 606 906 fuisse
630 861 764 908 necesse
789 841 863 926 est.)
908 839 1209 906 Latiortaliscura
1222 861 1335 927 neque
1416 875 1418 880 2

163 974 416 1040 supervacanea
437 952 540 1019 fiebat
562 946 719 1038 gratuitis
742 953 1066 1019 frumentationibus
1089 973 1201 1039 neque
1221 953 1336 1020 exclu-

163 1065 306 1132 debatur
329 1067 495 1133 frumenti
518 1066 647 1154 publici
671 1067 825 1155 penuria.
871 1065 953 1132 Illas
976 1067 1070 1133 enim
1082 1065 1174 1154 plebi
1186 1067 1336 1133 frumen·

164 1179 266 1246 tariae
283 1179 327 1245 ad
340 1201 441 1246 usum
453 1201 674 1267 nequaquam
687 1180 911 1267 suppetivisse
924 1186 1065 1261 constat,
1079 1177 1106 1266 ¹)
1120 1180 1331 1247 frumentum

164 1300 278 1359 autem
303 1293 396 1380 quod
419 1292 556 1379 publice
579 1293 615 1358 in
640 1293 826 1381 provinciis
849 1293 1027 1359 emebatur
1049 1292 1102 1362 vel
1127 1292 1248 1359 tributi
1259 1293 1334 1360 loco

162 1406 240 1472 inde
269 1406 506 1473 advehebatur
528 1407 837 1473 frumentationum
862 1407 1005 1473 modum
1028 1406 1129 1492 longe
1153 1407 1333 1474 excessisse

163 1520 271 1586 Kuhn
298 1521 379 1586 satis
403 1519 660 1588 demonstravit.
686 1519 712 1606 ¹)

207 1634 256 1699 De
292 1633 358 1699 hac
392 1655 428 1700 re
452 1635 532 1700 satis
566 1655 747 1721 superque.
794 1635 963 1700 Annonae
998 1655 1081 1700 cura
1111 1672 1155 1683 -
1186 1633 1224 1699 in
1259 1631 1336 1699 lati-

163 1767 255 1813 orem
279 1748 485 1813 sententiam
508 1746 716 1814 vocabulum
740 1769 833 1814 nunc
857 1748 988 1835 accipio
1011 1785 1056 1797 -
1079 1747 1184 1814 etiam
1206 1747 1243 1812 in
1258 1767 1335 1812 mu-

162 1860 296 1946 nicipiis
328 1860 514 1927 invenitur.
539 1859 565 1948 ³)
610 1861 688 1927 Non
719 1861 767 1927 ita
790 1867 984 1928 menstruae
1011 1861 1176 1927 frumenti
1206 1859 1337 1946 largiti·

163 1994 252 2039 ones.
303 1971 430 2040 Omnes
467 1974 561 2040 enim
597 1975 657 2062 qui
700 1975 761 2040 has
794 1982 949 2062 peterent
982 1981 1015 2041 et
1046 1974 1222 2045 Romanos
1245 1974 1336 2040 cives

163 2109 231 2154 esse
254 2087 281 2175 ⁴)
316 2094 350 2153 et
382 2088 420 2153 in
455 2083 538 2154 urbe
572 2088 684 2154 Roma
710 2088 923 2155 domicilium
948 2087 1074 2154 habere
1099 2088 1123 2175 ⁶)
1147 2087 1334 2174 oportebat.

162 2201 313 2267 Erantne
346 2201 450 2267 etiam
485 2201 570 2268 aliae
605 2202 848 2268 condiciones?
893 2202 935 2267 In
973 2201 1037 2267 hac
1073 2222 1109 2267 re
1144 2223 1165 2266 a
1203 2199 1335 2285 vulgari

162 2314 321 2400 opinione
356 2314 546 2401 discrepare
581 2315 667 2381 mihi
701 2315 829 2382 videor.
864 2316 958 2381 Inter
989 2315 1081 2382 viros
1103 2313 1219 2380 doctos
1241 2313 1335 2380 enim

161 2449 343 2494 commune
377 2433 436 2510 est,
472 2429 499 2494 si
534 2449 603 2494 non
640 2435 806 2494 antea-
829 2428 927 2494 initio
963 2427 1017 2495 vel
1049 2426 1180 2494 nobiles
1202 2432 1336 2514 partem

162 2563 257 2608 suam
292 2541 464 2628 postulare
498 2541 631 2608 licuisse
667 2541 768 2607 multi
802 2548 987 2608 autumant
1020 2579 1064 2591 —
1098 2547 1187 2608 certe
1210 2540 1291 2606 inde
1315 2563 1336 2606 a

164 2655 304 2722 Caesare
328 2655 538 2740 Augustove,
564 2656 624 2743 qui
646 2656 889 2742 accipientium
913 2676 1098 2722 numerum
1119 2654 1332 2720 circumscri-

165 2769 302 2856 pserint,
349 2769 386 2833 in
421 2768 519 2856 plebe
555 2769 713 2835 Romana
747 2791 817 2835 non
853 2769 918 2835 uisi
953 2767 1335 2854 egentissimum

165 2903 336 2970 quemque
360 2883 563 2970 participem
589 2883 691 2949 fuisse
715 2883 1034 2950 frumentationum.
1059 2880 1085 2970 ⁶)
1120 2882 1194 2967 Ego
1217 2887 1335 2948 contra

196 3175 216 3238 1)
250 3177 347 3226 Dahae
363 3193 387 3225 re
409 3177 472 3225 infra
488 3177 572 3225 dicam.
607 3176 643 3225 cf.
661 3177 732 3225 etiam
749 3176 861 3225 Momms.
878 3176 895 3225 l.
913 3175 931 3233 1,
949 3176 1026 3240 Marq.
1044 3175 1061 3224 l.
1080 3175 1097 3224 l.
1115 3191 1167 3240 pag.
1188 3175 1243 3224 125.

195 3259 215 3320 ²)
249 3259 267 3309 l.
284 3259 303 3308 l.
319 3275 371 3325 pag.
391 3259 454 3308 1005
472 3276 552 3324 'title
570 3259 648 3324 Marq.
664 3259 681 3309 1.
699 3258 717 3309 l.
734 3275 786 3324 pag.
805 3259 853 3308 126
871 3275 919 3323 seq.

195 3342 215 3404 ³)
249 3343 286 3392 Os.
304 3343 508 3407 Pauly-Wissowa
525 3343 542 3391 l.
561 3342 578 3391 l.
811 3355 815 3362 ⁴

196 3427 215 3484 ⁴)
248 3425 367 3475 Nonnulli
393 3430 492 3474 sumunt
517 3425 711 3475 frumentationes
739 3426 810 3474 etism
833 3425 862 3474 ad
879 3440 963 3489 pueros
980 3424 1123 3489 pertinuisse
1140 3424 1208 3488 (quin
1226 3423 1255 3472 ed
1272 3423 1335 3488 ipsas
1406 3469 1408 3472 .

163 3509 261 3574 puellas,
278 3509 353 3558 Nasse
369 3527 390 3557 o.
409 3508 426 3557 l.
443 3525 496 3574 pag.
514 3509 556 3568 24)
573 3508 611 3556 vel
629 3513 689 3556 certe
706 3508 735 3556 sd
751 3507 865 3572 pupillos,
874 3523 945 3570 qaam
954 3507 1093 3556 seutentiam
1103 3507 1131 3556 sd
1140 3506 1335 3572 persuadendum,

164 3592 210 3642 uisi
230 3591 309 3651 fallor,
325 3593 472 3641 accomodate
489 3592 640 3656 impugnavit
658 3591 762 3640 Hirschf.
780 3591 805 3639 in
824 3590 912 3639 Philol.
931 3589 948 3638 l.
967 3589 984 3638 l.
1002 3606 1054 3655 pag.
1073 3591 1087 3638 8
1105 3606 1169 3654 seqq.
1187 3589 1335 3638 Commemo-

164 3683 246 3725 rautur
275 3692 330 3724 seue
354 3676 421 3741 pueri
447 3679 479 3738 (et
496 3675 597 3740 puellae)
613 3675 684 3722 incisi
702 3675 819 3723 fmmento
837 3673 948 3738 publico;
967 3674 995 3722 de
1011 3674 1043 3723 iis
1060 3677 1139 3722 manea
1156 3673 1193 3737 egi
1210 3671 1236 3720 in
1254 3672 1336 3736 Capite

164 3759 192 3807 de
208 3759 338 3808 Alimentis
354 3758 466 3823 publicis,
484 3758 540 3822 quia
557 3758 582 3806 iu
600 3757 625 3806 id
642 3773 715 3820 genus
732 3757 907 3806 munificentiae
924 3756 1005 3804 eadere
1023 3757 1140 3804 videntur.

197 3843 215 3902 ⁵)
243 3843 363 3891 'Momma
380 3842 448 3890 Rom.
465 3841 530 3889 Trib.
549 3857 600 3905 pag.
620 3841 675 3899 180,
695 3841 742 3889 184
752 3859 758 3897 ;
777 3839 883 3888 Hirschf.
902 3838 919 3887 1.
937 3838 954 3888 1.
972 3855 1023 3902 pag.
1040 3837 1244 3902 tseq.;Marq.l.
1255 3836 1334 3902 lpag.

166 3926 220 3975 120.
248 3925 337 3974 Beloeh
362 3931 441 3974 tamen
465 3924 519 3986 (Die
536 3923 701 3987 Bevdllserung
717 3924 758 3971 der
775 3922 935 3986 grisea-rom.
958 3921 1022 3969 Welt
1039 3937 1092 3985 pag.
1109 3921 1168 3979 400)
1186 3937 1224 3969 eos
1241 3937 1334 3986 qaoque

165 4009 288 4074 participes
313 4009 386 4057 fuisse
411 4007 532 4056 contendit
557 4007 599 4070 qui
626 4022 719 4071 quoquo
745 4022 825 4055 versiae
843 4003 1005 4053 multamilia
1029 4020 1141 4069 passuum
1158 4004 1218 4053 circa
1235 4004 1333 4054 Romam

164 4092 303 4142 habitarent.
338 4090 416 4156 Quem
433 4091 569 4155 opinionem
587 4090 675 4140 refellit
692 4088 842 4138 Friedlttnder
862 4087 879 4136 l.
897 4085 914 4135 l.
932 4103 984 4151 pag.
1003 4088 1043 4140 70.

198 4177 217 4237 1)
252 4174 304 4224 Hoc
329 4178 410 4224 tenent
434 4173 472 4222 vel
496 4173 646 4238 suspicentur
663 4171 763 4237 plurimi
782 4169 928 4220 recentiores.
964 4169 1001 4218 Of.
1019 4170 1156 4220 Hirschfeld
1172 4169 1190 4221 l.
1207 4169 1241 4229 l.;
1258 4171 1335 4220 Schil·

167 4258 202 4308 ler
228 4259 256 4308 in
275 4258 318 4308 Ia.
336 4274 358 4307 v.
376 4255 434 4306 M.'s
452 4255 547 4306 Handb.
564 4255 606 4313 lv,
624 4255 659 4315 2¹,
676 4271 728 4320 pag.
748 4253 812 4311 195;
830 4251 952 4317 imprimis
971 4253 1106 4304 Mommsen
1123 4255 1152 4304 R.
1170 4253 1199 4304 G.
1216 4251 1265 4302 ΠΡ
1282 4271 1335 4319 pag.

1184 4345 1247 4411 10*
