3274 4998
706 552 770 620 153

151 737 202 800 est
234 731 339 798 huius
372 730 449 799 loci.
495 730 550 796 Ad
585 736 743 798 nostrum
777 731 990 818 propositum
1024 752 1128 817 grave
1164 735 1214 797 est
1248 729 1325 812 hoe,

153 845 242 932 quod
278 866 357 911 mea
391 844 532 931 quidem
564 844 733 910 sententia
769 844 917 910 ostendit
950 843 1161 911 Caesarianis
1186 864 1324 932 quoque

150 957 363 1045 temporibus
396 957 560 1024 frumenti
588 956 786 1042 largitiones
812 957 952 1024 omnino
976 958 1078 1024 tuisse
1103 979 1147 1023 ex
1170 978 1235 1023 usu
1258 957 1326 1023 Ro·

151 1093 273 1138 manae
298 1070 428 1158 plebis:
452 1069 560 1137 tribus
584 1077 666 1137 tune
690 1070 883 1157 designasse
896 1071 1034 1137 tertiam
1046 1070 1165 1158 populi
1178 1076 1321 1158 partem,

150 1184 288 1272 plebem
322 1183 450 1251 scilieet
483 1185 567 1270 (sive
603 1184 772 1272 populum
804 1185 1000 1270 angustiore
1024 1185 1148 1271 sensu),
1174 1205 1262 1271 quae
1288 1189 1327 1250 ut

150 1297 318 1383 ignobiles
351 1297 524 1364 nobilibus
558 1297 593 1384 (i.
628 1319 656 1364 e.
693 1297 871 1364 ordinibus
904 1298 1072 1365 senatorio
1107 1303 1141 1364 et
1161 1297 1325 1386 equestri)

151 1416 224 1478 erat
249 1411 415 1499 opposita,
441 1410 466 1498 ¹)
489 1433 618 1498 perque
641 1411 717 1478 illas
743 1413 957 1478 frumentum
976 1413 1077 1478 tuisse
1100 1410 1326 1503 distributum

151 1526 193 1592 de
217 1546 286 1613 quo
309 1546 403 1592 nune
426 1525 571 1610 agimus.
596 1523 621 1607 ⁹)
666 1525 722 1591 Ad
746 1526 795 1592 rei
818 1525 974 1612 publicae
998 1548 1079 1593 vero
1103 1546 1248 1594 munera
1268 1527 1326 1592 tri·

151 1638 214 1705 bus
237 1645 321 1704 tune
344 1639 443 1726 parvi
466 1645 563 1705 erant
587 1639 764 1705 momenti.
790 1637 816 1725 8)

195 1751 381 1830 Quaeritur
414 1774 500 1818 num
534 1750 600 1818 loei
636 1753 705 1819 sint
740 1753 800 1840 qui
824 1752 905 1820 huie
928 1735 1202 1841 interpretationi
1226 1775 1326 1842 repu-

151 1877 259 1954 gnent
299 1867 428 1956 quique
459 1905 503 1916 —
530 1873 568 1932 ut
602 1867 778 1933 affirmant
811 1867 913 1934 multi
936 1868 1002 1936 viri
1028 1869 1118 1934 doeti
1142 1907 1187 1928 -.-
1210 1874 1326 1956 aperte

185 2077 205 2135 r)
241 2073 327 2122 Tribus
342 2075 399 2122 tune
410 2072 474 2121 idam
485 2072 587 2121 valuisse
598 2076 668 2136 atque
677 2071 768 2136 plebem
777 2070 860 2120 multis
871 2087 898 2120 ex
907 2071 965 2121 loeis
974 2071 1080 2122 efficitur.
1098 2071 1196 2136 Legitur
1204 2087 1228 2122 v.
1237 2089 1258 2122 e.
1267 2073 1325 2122 sut

151 2158 209 2207 silv.
220 2153 263 2215 IV,
277 2157 299 2214 l,
311 2156 342 2205 25
355 2172 403 2220 seq.
417 2155 471 2217 (Ed.
484 2154 575 2217 Klota)=
590 2155 715 2220 „Moribus
727 2160 797 2219 atque
807 2155 855 2204 tuis
867 2156 969 2219 gaudem
982 2160 1117 2219 turmaeque
1133 2154 1256 2220 tribusque
1266 2155 1326 2205 Pur·

152 2241 263 2306 pureique
280 2237 381 2304 putres.”
398 2239 461 2288 Flor.
479 2238 499 2297 I,
517 2239 557 2297 22,
571 2238 604 2286 24
618 2239 661 2300 (II,
676 2239 699 2297 6,
715 2239 768 2293 24)ι
784 2238 862 2302 „Opes
871 2254 924 2286 suus
933 2236 1112 2287 libeusaeuatus
1122 2238 1148 2286 iu
1158 2239 1263 2288 medium
1273 2255 1326 2302 pro·

151 2323 207 2373 tnlit
226 2357 349 2374 ........
365 2338 436 2386 eques
453 2326 546 2370 secutas
560 2321 694 2386 exemplum
706 2321 856 2386 imitataeque
865 2321 968 2385 equitem
977 2320 1080 2370 tribus.’'
1089 2321 1221 2384 (Hieloeus
1230 2338 1326 2388 prorsus

152 2406 260 2455 eonvenit
277 2421 333 2455 eum
349 2405 402 2454 Iriv.
419 2404 506 2460 XXVI,
521 2403 561 2463 36,
580 2405 622 2452 12:
642 2404 731 2470 „Hunc
744 2419 883 2452 eonsensum
901 2408 995 2454 senatus
1012 2408 1119 2468 equester
1137 2406 1194 2454 ordo
1211 2409 1246 2455 ast
1263 2421 1327 2455 seru·

152 2493 197 2549 tus,
218 2489 334 2554 equestris
350 2488 442 2537 ordinis
458 2487 550 2552 plebs.''
585 2487 650 2552 Quae
667 2487 741 2551 igitur
757 2487 819 2551 apud
836 2486 934 2535 Florum
952 2487 1027 2536 tritus
1043 2493 1164 2548 vocantur,
1181 2490 1244 2554 apud
1260 2489 1326 2538 Liri-
1385 2523 1388 2528 -

152 2599 191 2632 aa
204 2583 274 2648 pau
290 2587 342 2645 at.)
376 2583 422 2632 nio
439 2583 503 2632 cns.
524 2583 613 2640 nvrn,
631 2583 654 2640 a,
673 2583 704 2636 τι
725 2566 777 2636 nrt
798 2571 861 2644 γάρ
882 2592 927 2628 τοι
947 2575 1069 2640 πλῆθος
1080 2579 1139 2630 τῶν
1149 2571 1326 2648 ἀνδριάντων

152 2655 190 2723 ὧν
212 2665 230 2734 ἦ
252 2685 288 2724 πε
308 2664 404 2738 βουλὴ
425 2671 474 2729 καὶ
493 2665 511 2732 ἡ
532 2664 626 2734 ἰππάς
646 2665 679 2723 αἵ
695 2685 729 2724 τε
740 2665 827 2742 φυλαὶ
836 2666 885 2728 καὶ
895 2670 919 2725 ol
927 2666 1029 2743 ἄνδρες
1039 2671 1064 2726 oi
1075 2675 1184 2743 πρῶτοι
1194 2667 1326 2740 ’ἔστησαν

151 2759 258 2821 αὐτοῦ’
290 2774 345 2823 eall.
369 2791 423 2822 eum
449 2775 481 2824 iis
506 2791 566 2839 quae
591 2773 769 2839 subsequuntur
794 2780 813 2837 (ς
832 2776 872 2837 8)ι
905 2762 1066 2838 ηπρὲσβεις
1095 2783 1130 2823 τε
1159 2763 1214 2845 ἰδίᾳ
1235 2761 1327 2842 μὲνὴ

152 2863 290 2934 γερουσία
308 2857 366 2937 ἰδίᾳ
387 2853 420 2918 δὲ
441 2859 465 2918 οἱ
484 2860 577 2927 ἱππῆς
597 2859 632 2917 πό
654 2877 688 2916 τε
710 2863 851 2928 πλῆθος.
866 2905 872 2919 .
885 2905 911 2920 ..
927 2857 1093 2937 ἔπεμπον.”
1129 2874 1165 2923 ld.
1183 2873 1233 2933 LX,
1252 2873 1275 2933 7,
1293 2873 1326 2920 t:

156 2963 226 3032 „erla
260 2983 295 3023 τε
325 2967 478 3040 γερουσίαν
509 2961 589 3038 μετὰ
622 2969 682 3020 τῶν
711 2972 855 3037 γυναικῶν
885 2965 934 3026 καὶ
964 2963 1033 3035 τοὺς
1065 2964 1175 3034 ἱππέας
1204 2965 1262 3033 τάς
1292 2981 1327 3022 τε

153 3060 245 3141 φυλὰς
265 3061 425 3120 εἱστίασε.”
446 3072 493 3134 (ct.
511 3075 521 3132 t
539 3072 570 3124 3:
592 3059 644 3126 ssd
667 3077 702 3118 πε
713 3058 854 3132 βουλεῦον
864 3061 914 3122 καὶ
924 3059 960 3121 πὸ
970 3065 1091 3122 ἱππεῦον
1102 3061 1150 3126 καὶ
1170 3058 1326 3136 idacios?

148 3152 214 3234 'Ergo
239 3171 269 3226 αἱ
288 3167 374 3247 φυλαὶ
405 3171 461 3215 sunt
488 3165 501 3224 ὅ
522 3163 646 3242 ὅμιλος)
665 3167 785 3233 Lamprid.
803 3169 870 3218 Alex.
889 3169 940 3218 Ser.
962 3170 1000 3226 15,
1020 3168 1084 3227 l‚2:
1101 3169 1209 3235 „Deinde
1218 3171 1326 3217 sanatum

152 3268 176 3313 et
191 3269 322 3328 equestrem
340 3264 449 3313 ordinem
465 3263 575 3328 purgauit
617 3262 680 3327 ipsas
698 3262 782 3310 deinde
804 3261 879 3311 tribus
897 3267 920 3311 et
937 3279 982 3321 ees,
1000 3263 1041 3327 qui
1061 3263 1205 3312 militaribus
1213 3263 1328 3312 nituntur

153 3347 327 3412 praerogatIuis,
350 3346 486 3412 purgauit.”
520 3346 582 3395 Addi
603 3349 680 3410 potest
699 3345 753 3395 Tae.
771 3347 826 3394 Anu
853 3345 921 3405 XIII,
939 3345 987 3399 27:
1007 3346 1088 3410 „Hine
1104 3346 1160 3408 tie.
1178 3336 1327 3406 elibertiuis)

153 3430 294 3495 plerumque
317 3431 402 3490 tribus,
428 3429 540 3486 daenrias,
566 3429 698 3478 ministeria
718 3422 896 3492 magistratibus
913 3434 936 3478 et
953 3428 1118 3486 sacerdotibus.
1135 3429 1240 3478 eohortes
1256 3429 1328 3478 etiam

155 3513 179 3562 in
197 3515 255 3563 urbe
272 3514 430 3578 eonseriptas;
448 3517 472 3562 et
488 3512 600 3578 plurimis
617 3513 733 3576 equitum,
751 3512 870 3576 plerisque
886 3513 1032 3562 senatoribus
1047 3530 1094 3562 uon
1107 3512 1204 3562 aliunde
1211 3513 1327 3576 origInem

1 3555 2 3590 1
72 3581 74 3586 ¹
153 3597 239 3646 trahi.''
273 3597 306 3646 nt
327 3596 391 3656 XIV,
410 3596 456 3645 1³:
476 3595 580 3661 „Obvius
597 3595 682 3654 tribus,
700 3595 758 3644 sesto
776 3595 843 3644 enltu
860 3595 993 3645 aauatum.''
1026 3597 1090 3645 Suet.
1107 3597 1168 3661 Aug.
1188 3596 1234 3644 101
1254 3593 1328 3644 tribus

153 3685 305 3746 opponuntur
317 3681 410 3745 populo
427 3679 472 3728 It:
493 3679 606 3744 „Legavit
622 3678 710 3744 populo
729 3679 756 3726 R.
774 3679 974 3743 quadringenties,
990 3679 1101 3728 tribubus
1110 3679 1190 3728 tricies
1199 3678 1328 3742 quinquies

155 3763 314 3813 sertertium.''
350 3763 434 3812 Tribus
459 3762 498 3811 hia
524 3778 618 3826 quaqua
641 3762 732 3826 plebem
758 3762 892 3826 siguificare
909 3761 1058 3826 intellegitur
1074 3779 1087 3811 e
1104 3763 1157 3811 Tae.
1175 3763 1239 3810 Anu.
1257 3761 1277 3819 Ι,
1296 3761 1327 3810 82

155 3847 256 3912 „legra
281 3863 329 3896 non
355 3846 420 3895 ultra
445 3846 544 3895 civilem
562 3846 667 3903 modum,
685 3845 733 3894 nisi
750 3845 813 3910 quud
831 3845 919 3910 populo
938 3849 961 3895 et
977 3845 1043 3910 plebi
1060 3844 1269 3910 quadrIngentiens
1286 3845 1328 3894 tri·

154 3931 219 3979 ciens
244 3930 389 3994 quinquiens
409 3946 429 3978 e.
447 3946 470 3993 q.
490 3929 526 3978 s.'’
562 3929 598 3976 De
617 3928 655 3976 his
673 3927 733 3977 loeis
750 3928 779 3977 ad
796 3928 999 3993 interpretandum
1017 3927 1193 3978 difficilioribus
1210 3929 1287 3978 diuam
1302 3928 1329 3977 iu

155 4013 261 4077 proxImo
279 4013 362 4077 eapite.

188 4095 210 4155 ¹)
244 4096 281 4145 cf.
301 4095 380 4144 Madv.
398 4095 460 4145 Veri.
480 4111 503 4144 u.
522 4096 597 4144 Verw.
614 4096 627 4144 I
644 4084 762 4160 pagsldd
780 4111 844 4158 seq.;
863 4095 975 4144 Momms.
992 4095 1047 4144 Stil.
1064 4095 1103 4144 III
1119 4111 1170 4161 pag.
1185 4098 1242 4146 445.

188 4179 208 4239 ³>
241 4179 365 4228 Ammiau.
396 4179 477 4236 lIlIII,
504 4179 527 4236 t,
554 4179 587 4226 d:
624 4179 673 4244 „Et
697 4177 756 4227 olim
786 4179 842 4227 lieet
866 4177 953 4227 otiosae
968 4178 1017 4227 siut
1032 4179 1109 4228 tribus
1125 4184 1263 4246 pamtaequa
1277 4197 1330 4230 ean·

157 4261 232 4314 turias
257 4266 281 4312 et
306 4260 375 4311 nulla
401 4261 566 4326 suffragiorum
593 4262 720 4312 certamina
741 4265 776 4310 set
792 4260 938 4326 Pompiliani
955 4261 1050 4312 redierit
1067 4263 1178 4316 securitas
1195 4263 1332 4329 tempora?

1196 4339 1238 4422 11
