3274 4998
752 508 863 573 95·

188 683 398 770 scripserat.''
425 683 450 770 1)
485 685 532 752 Ut
555 691 670 751 autem
693 685 731 750 in
747 682 858 752 Flavii
871 687 1045 771 rogatione
1058 687 1178 767 iuerat,
1208 691 1358 770 „uteger

189 798 253 864 hae
288 797 482 864 adventicia
512 799 658 884 pecunia
681 805 860 881 emeretur,
886 821 972 887 quae
996 821 1040 866 ex
1063 800 1162 867 novis
1185 799 1358 883 vectigali·

188 910 251 976 bus
274 933 336 999 per
360 911 638 999 quinquennium
661 903 888 998 reciperetur’'
902 911 929 1000 9)
940 915 1043 979 —ita
1056 913 1180 980 Caesar
1194 917 1357 997 ,χρήματα

187 1048 221 1086 τε
243 1025 306 1105 γὰρ
329 1026 431 1087 πολλὰ
454 1027 513 1088 ἀπὸ
536 1047 570 1087 τε
593 1037 647 1097 τῆς
671 1008 759 1102 λείας,
785 1031 818 1099 ἣν
841 1029 1026 1106 οΠομπὴιος
1041 1031 1152 1110 εἰλήφει,
1167 1025 1285 1091 uertet
1298 1035 1357 1088 τῶν

186 1143 277 1222 φόρων
310 1147 370 1200 τῶν
403 1161 437 1200 τε
471 1146 565 1200 τελῶν
599 1147 658 1200 τῶν
692 1143 968 1215 προκαταστάντων
991 1147 1124 1217 περιεῖναί
1147 1162 1243 1223 σφισιν
1267 1139 1354 1219 ’ἔλεγε

187 1255 234 1317 ναὶ
267 1263 372 1336 χρῆναι
405 1252 481 1313 αὐτὰ
514 1255 568 1314 ἅτε
600 1255 649 1316 ναὶ
671 1265 732 1324 τοῖς
754 1261 813 1314 τῶν
836 1260 966 1314 πολιτῶν
989 1256 1125 1326 κινδύνοις
1151 1255 1356 1332 πεπορισμένα

188 1365 216 1438 ἒς
237 1365 342 1438 αὐτοὺς
365 1365 485 1437 ἐκείνους
506 1365 725 1433 ἁναλωθῆναι.”
748 1364 772 1441 ³)
815 1367 869 1431 Ite
892 1389 945 1432 res
968 1388 1085 1433 rursus
1109 1388 1150 1433 eo
1174 1367 1356 1454 spectabat,
1424 1403 1425 1406 ¹

187 1485 225 1544 ut
248 1479 366 1544 omnia
378 1478 499 1544 fierent
510 1478 632 1544 aerarii
643 1478 831 1564 impendi0.
856 1479 907 1545 De
923 1479 1008 1565 legis
1020 1480 1152 1546 ratione
1166 1502 1205 1546 ae
1218 1479 1358 1546 consilio

190 1593 255 1659 Dio
280 1592 434 1658 Cassius:
461 1601 529 1668 ,τοῦ
552 1591 607 1671 μέν
629 1593 665 1664 δὴ
688 1581 734 1654 οἷιν
758 1595 845 1670 νόμον
868 1593 951 1658 ἕνεκα
974 1594 1062 1666 οὐδεὶς
1081 1592 1358 1674 αιἰτῷοῶδὲνέπικα-

191 1709 275 1769 λέσαι
301 1709 437 1779 ἠδύνατο·
475 1709 509 1767 τό
537 1727 571 1767 τε
594 1705 656 1784 γὰρ
679 1712 799 1778 πλῆθος
822 1715 880 1768 τῶν
903 1714 1033 1768 πολιτῶν
1055 1709 1218 1787 ὑπέρογκον
1241 1709 1283 1789 ὀ’ν,
1308 1708 1356 1791 ἀφ’

191 1815 277 1897 οὗπερ
312 1821 360 1883 ναὶ
395 1819 435 1880 τὰ
468 1822 605 1897 μάλιστα
640 1818 828 1898 ἐστασίαζον,
865 1824 940 1896 πρὸς
974 1843 1008 1881 τε
1042 1821 1082 1882 τὰ
1117 1821 1192 1901 ’ἔργα
1215 1821 1360 1899 καὶπρὸς

191 1939 340 2013 γεωργίας
373 1931 530 2009 ἐτράπετο,
555 1933 603 1996 ναὶ
626 1932 665 1992 τὰ
688 1939 819 1993 πλεῖστα
843 1944 897 2004 τῆς
919 1933 1050 2005 Ἰταλίας
1072 1937 1250 2014 ἠρημωμένα
1273 1924 1359 2008 αὖθις

191 2050 377 2126 σννῳνιίζετο,
402 2045 481 2106 ῶστε
504 2045 547 2124 μη
570 2048 658 2123 μόνον
678 2045 746 2117 τοὺς
769 2045 797 2106 ἒν
820 2057 886 2118 ταῖς
908 2053 1078 2123 στρατείαις
1096 2055 1359 2128 τεταλαιπωρημε-
1439 2048 1442 2054 ’

190 2183 262 2235 νονς,
287 2158 368 2219 ἀλλὰ
391 2157 529 2229 καὶτοὺς
551 2159 660 2229 ἄλλους
682 2160 820 2230 ἅπαντας
844 2161 945 2235 διαρκῆ
969 2161 1022 2232 τὴν
1046 2162 1153 2243 τροφὴν
1177 2161 1255 2246 ἔχειν
1277 2167 1355 2240 μήτε

190 2283 245 2342 τίς
276 2275 390 2342 πόλεως
424 2271 538 2334 οἴκοθέν
561 2295 590 2332 τι
620 2272 832 2349 δαπανωμένης
864 2277 943 2352 μήτε
982 2285 1042 2336 τῶν
1081 2275 1210 2341 δυνατῶν
1244 2281 1359 2357 ζημιου-

191 2387 296 2464 μένων,
332 2385 413 2445 ἀλλὰ
447 2386 495 2448 καὶ
527 2385 616 2463 τιμὴν
650 2387 697 2448 καὶ
719 2386 814 2468 ἀρχὴν
841 2393 962 2447 πολλῶν
986 2385 1317 2466 προσλαμβανόντων.”
1336 2388 1359 2465 ⁴)

191 2497 312 2564 Coloni
347 2503 463 2563 autem
487 2504 598 2582 partes
621 2518 698 2562 suas
718 2497 809 2563 intre
832 2520 963 2563 anuum
982 2499 1189 2584 vigesimum
1211 2502 1359 2568 vendere

190 2610 406 2678 vetabantur.
426 2609 454 2697 Ι)
502 2609 549 2674 At
584 2609 684 2696 plura
718 2611 859 2676 consilia
882 2613 1034 2678 Caesaris
1057 2615 1361 2680 commemoranda

191 2732 280 2790 sunt.
311 2725 355 2790 In
378 2723 489 2790 solum
512 2745 635 2808 agrum
657 2723 875 2810 Campanum
898 2725 1144 2813 Stellatemque
1169 2727 1212 2792 ad
1235 2728 1360 2813 viginti

190 2839 287 2904 milia
310 2838 440 2904 civium
463 2837 615 2918 deduxit,
641 2836 765 2923 quibus
792 2838 880 2904 terni
904 2838 1062 2924 pluresve
1086 2839 1185 2906 liberi
1208 2848 1314 2908 erant.
1333 2840 1359 2929 6)

191 2953 266 3017 Hos
277 2952 379 3017 fuisse
391 2950 619 3038 pauperiores,
636 2951 743 3016 immo
761 2952 888 3036 partim
899 2952 1027 3038 inopeS,
1046 2954 1225 3040 scriptores
1237 2961 1360 3021 testen-

190 3073 256 3132 tur,
292 3065 488 3151 Appianus:
513 3063 540 3151 ⁷)
566 3068 687 3143 ,νόμους
709 3063 781 3141 ὑπὲρ
804 3073 862 3126 τῶν
886 3071 1018 3138 πενήτων
1041 3065 1070 3138 ές
1093 3067 1129 3128 τὸ
1152 3066 1359 3146 βουλευτήριον

191 3179 315 3262 ἐσέφερε,
340 3181 388 3242 ναὶ
410 3188 468 3257 γῆν
491 3178 587 3249 αὐτοῖς
609 3179 730 3257 διένεμε,
756 3181 804 3242 καὶ
823 3180 876 3251 τὴν
899 3180 1208 3255 ἁριστεύονσαναῶτῆς
1223 3185 1360 3260 μάλιστα

192 3295 257 3370 περὶ
279 3295 413 3372 Καπύην,
439 3296 518 3365 (V)
542 3291 571 3362 ἐς
592 3291 632 3352 τὰ
655 3291 733 3354 κοινὰ
757 3293 946 3370 διεμισθοῦτο
958 3303 1019 3363 τοῖς
1030 3281 1091 3354 οὖσι
1107 3297 1239 3370 πατράσι
1250 3298 1361 3357 παίδων

191 3415 286 3485 τριῶν,
301 3406 454 3485 ἐ’μμισὲιον
478 3406 569 3483 ἑαυτῷ
585 3407 677 3473 τῆσδε
690 3415 743 3476 τῆς
755 3408 877 3488 χάριτος
888 3411 1010 3477 πλῆθος
1022 3409 1144 3468 τοσόνδε
1157 3406 1359 3487 ποιούμενος·”

229 3643 246 3704 ¹)
263 3643 349 3708 Zumpt
366 3643 382 3690 l.
401 3642 418 3691 l.
436 3642 472 3691 cf.
491 3642 537 3690 Dio
555 3640 620 3690 Cass.
640 3641 773 3700 XXXVIII,
793 3642 815 3700 1,
834 3644 856 3689 4.

227 3727 246 3788 ²)
267 3727 317 3775 Cir.
335 3725 352 3774 l.
370 3725 387 3774 l.

225 3811 245 3870 ³)
264 3811 310 3860 Dio
329 3809 393 3858 Cass.
411 3807 544 3867 XXXVIII,
563 3807 586 3866 1,
606 3807 629 3857 5.

226 3891 428 3954 ἣλλςλδ

227 3978 246 4038 ⁸)
264 3977 351 4040 Zumpt
373 3975 417 4024 hoe
434 3991 487 4023 vere
504 3974 580 4022 effecit
596 3989 624 4022 ex
641 3973 743 4038 Appian.
761 3974 788 4022 B.
807 3974 833 4022 O.
852 3973 897 4031 ΙΙΙ,
916 3973 931 4022 2
949 3977 1006 4022 extr.
1025 3973 1084 4023 Vide
1101 3992 1155 4025 eum
1173 3976 1189 4026 l.
1200 3977 1217 4028 l.
1234 3994 1286 4044 pag.
1305 3980 1362 4032 280,

227 4061 247 4121 Ι)
269 4059 330 4108 Vell.
357 4059 408 4108 Pet.
427 4059 526 4117 11‚44;
545 4057 607 4106 Suet.
626 4055 673 4106 Iul.
692 4057 723 4105 20
733 4076 739 4114 ;
757 4057 857 4122 AppIeu.
876 4057 903 4105 B.
922 4057 948 4105 C.
967 4057 1000 4116 II,
1019 4057 1066 4116 10;
1084 4059 1130 4108 Dio
1148 4060 1212 4112 Cass.
1230 4062 1363 4126 XXXVIII,

196 4143 227 4202 7;
244 4143 308 4193 Plut.
327 4142 384 4191 Ceto
400 4141 460 4191 min.
478 4141 518 4190 33.

226 4225 246 4288 ⁷)
263 4225 281 4275 I.
298 4225 315 4274 l.
