3296 5008
741 516 804 580 261

186 716 264 760 rum
306 693 517 780 temporibus
551 693 734 760 hominum
769 694 893 760 animis
927 694 1064 781 penitus
1099 696 1203 761 insita
1238 695 1354 781 opinio

187 814 268 875 erat.
314 808 362 873 At
395 829 512 873 rursus
544 808 634 874 inter
669 815 830 895 utrosque
863 829 933 874 non
962 809 1094 874 minora
1119 814 1217 875 erant
1240 808 1357 874 discri-

186 922 290 989 mina.
337 921 446 989 Vetus
467 921 561 987 enim
584 920 670 986 illud
689 921 920 1007 patrocinium
944 921 986 988 ad
999 923 1074 1009 ipsa
1085 922 1162 989 iura
1174 921 1357 988 familiaria
1421 961 1426 968 ·

185 1033 398 1121 pertinebat;
436 1055 605 1101 novorum
640 1031 818 1102 clientium
854 1035 1017 1123 obsequia
1053 1074 1084 1087 -·
1107 1035 1186 1102 licet
1209 1035 1357 1102 civitatis

186 1155 292 1214 status
315 1155 349 1214 et
371 1147 442 1234 ipse
468 1154 554 1214 esset
576 1149 612 1213 in
637 1147 739 1234 eulpa
761 1187 805 1197 -
822 1170 983 1234 magnam
1002 1156 1135 1236 partem
1149 1148 1357 1216 exsistebant

185 1270 243 1326 ex'
257 1261 391 1342 inertia,
416 1260 531 1327 servili
555 1262 681 1341 animo,
708 1262 861 1328 mollitie.
909 1261 1002 1328 Olim
1025 1263 1116 1329 inter
1138 1270 1299 1350 patronos
1322 1267 1355 1328 et

185 1374 326 1442 clientes
348 1396 503 1440 summae
526 1375 777 1442 coniunctionis
802 1375 939 1442 vincula
963 1377 1065 1442 fuisse
1089 1376 1225 1457 dixeris,
1240 1375 1356 1463 qualia

186 1510 265 1555 oum
298 1487 377 1554 filiis
411 1489 613 1556 devinciunt
635 1496 813 1575 parentes;
841 1488 865 1575 ¹)
889 1489 952 1555 sub
976 1489 1177 1556 Caesaribus
1203 1489 1357 1576 patronis

186 1601 294 1687 gloria
328 1609 402 1668 erat
435 1601 613 1668 clientium
649 1625 776 1688 magna
811 1602 921 1681 turba,
959 1604 1018 1690 qui
1042 1610 1081 1669 ut
1105 1604 1258 1690 precario
1282 1602 1358 1668 cibo

186 1716 391 1798 victitarent,
416 1716 575 1801 dignitati
601 1738 680 1782 suae
705 1737 845 1802 prorsus
864 1717 1015 1798 deerant,
1037 1715 1264 1803 locupletibus
1287 1717 1359 1782 sau·

186 1828 317 1896 toribus
352 1851 385 1896 se
420 1836 685 1916 prosternenteS,
717 1830 843 1917 quibus
869 1851 945 1910 ,ore
970 1852 1031 1896 suo
1054 1829 1303 1897 benedicebant
1325 1837 1359 1896 et

186 1943 286 2010 corde
322 1965 383 2009 suo
419 1943 701 2009 maledicebant.”
737 1942 763 2029 2)
810 1943 923 2009 Immo
948 1966 990 2010 ne
1014 1943 1192 2010 sanctitate
1217 1943 1358 2029 quidem

187 2077 278 2123 nova
312 2055 470 2123 clientela
496 2064 644 2123 veterem
670 2056 766 2122 illam
785 2058 935 2143 priorem
958 2057 1182 2144 adaequabat,
1212 2057 1358 2144 ,quippe

190 2191 277 2257 quae
312 2193 374 2257 per
408 2170 636 2236 hereditatem
670 2169 775 2256 vulgo
809 2171 879 2236 iam
914 2192 983 2237 non
1018 2178 1275 2258 propagaretur,
1300 2171 1359 2237 sed

191 2283 426 2350 voluntarium
461 2284 627 2371 quiddam
666 2305 705 2350 ac
740 2285 919 2350 fortuitum
947 2283 1098 2365 haberet,
1124 2292 1163 2350 ut
1186 2285 1290 2351 etiam
1313 2306 1357 2351 ex

191 2396 331 2463 arbitrio
358 2419 457 2484 saepe
483 2397 623 2464 dissolvi
647 2399 789 2484 posset.''
814 2397 840 2484 8)

234 2511 274 2576 ln
299 2518 412 2577 vetere
436 2511 495 2576 illa
518 2511 630 2598 priore
654 2519 770 2578 tamen
795 2533 865 2577 non
889 2511 1037 2598 amplius
1054 2511 1277 2578 versabimur.
1308 2511 1358 2576 De

188 2623 248 2691 illa
282 2647 407 2712 nempe
438 2625 604 2691 nonnulla
628 2625 781 2692 diximus
806 2647 882 2712 pag.
908 2626 949 2690 21
974 2646 1068 2713 seqq.
1116 2626 1192 2691 Hoc
1215 2625 1289 2692 loeo
1313 2624 1357 2690 ad

188 2759 317 2804 novam
340 2745 477 2806 tantum
500 2738 693 2805 clientelam
719 2740 876 2804 animum
900 2740 1097 2820 referamus
1118 2738 1257 2825 qualem
1269 2739 1362 2805 Cice·

189 2852 281 2918 ronis
304 2859 338 2918 et
360 2853 609 2939 imperatorum
633 2853 851 2940 temporibus
874 2853 976 2919 fuisse
1001 2875 1018 2919 e
1043 2853 1248 2940 scriptorum
1272 2852 1361 2919 testi-

189 2965 314 3032 moniis
351 2968 519 3033 novimus.
559 2970 585 3050 ⁴)
643 2968 800 3032 Primum
838 2967 892 3033 bic
928 2973 1017 3033 certe
1052 2966 1167 3033 locum
1202 2966 1359 3032 obtinent

189 3079 356 3145 Martialis
390 3087 423 3146 et
450 3081 634 3161 Iuvenalis,
660 3082 719 3168 qui
743 3081 823 3147 licet
848 3082 987 3146 fortasse
1011 3103 1064 3146 res
1091 3081 1266 3146 interdum
1289 3101 1362 3146 ver-

190 3192 241 3259 bis
275 3193 378 3279 paulo
414 3195 525 3259 maius
560 3201 593 3260 et
627 3194 781 3261 acerbius
804 3195 941 3275 saciant,
967 3203 1082 3260 tamen
1106 3193 1284 3260 clientium
1311 3193 1362 3257 in-

189 3307 393 3391 dignitatem
416 3308 543 3394 optime
567 3307 674 3374 oculis
696 3307 880 3373 subiciunt.

234 3419 387 3486 Ciceroni
420 3420 447 3486 si
482 3421 585 3487 fidem
621 3421 797 3501 habemus,
834 3419 858 3506 ⁶)
892 3420 999 3506 ipsius
1033 3420 1167 3486 saeculo
1204 3420 1360 3486 homines

225 3647 501 3713 bfflffiffim

223 3732 242 3790 ²)
276 3731 315 3780 Ps.
333 3731 387 3779 LXI
404 3732 496 3793 (LXII),
516 3733 538 3780 t.

222 3814 242 3875 ³)
276 3813 429 3878 Syunerberg,
456 3815 490 3862 De
515 3814 637 3863 clientelae
662 3816 724 3880 apud
742 3817 859 3864 ltornanm
876 3816 920 3864 sub
939 3816 1076 3864 Caesaribus
1094 3815 1184 3864 ratione
1202 3813 1362 3878 (Helsingfon

189 3899 237 3946 siae
256 3898 337 3956 18⁶5).
355 3913 406 3962 pag.
425 3899 448 3946 6.

223 3983 241 4041 ⁴)
274 3981 397 4044 Temporis
421 3981 537 4044 augustiis
563 3985 655 4030 coactus
676 3981 702 4030 in
720 3982 833 4046 proximis
850 3981 1002 4030 Friedltuder
1019 3980 1169 4046 potissimum
1188 3984 1282 4029 secatus
1300 3997 1363 4030 sum.

225 4065 244 4124 ι)
277 4064 323 4111 Pro
349 4064 412 4112 Mur.
438 4063 511 4128 Capp.
537 4065 568 4112 33
594 4070 617 4112 et
643 4065 682 4113 34.
709 4065 746 4113 Cf.
764 4065 833 4113 etiam
852 4064 881 4128 Q.
900 4064 1021 4112 Ciceronis
1038 4063 1259 4112 commentariolum
1277 4065 1305 4112 de
1323 4081 1363 4129 pe·

189 4147 273 4196 titione
292 4147 435 4196 consulatus.
470 4147 494 4196 Is
514 4147 579 4212 (Cap.
599 4148 622 4206 9,
640 4149 681 4207 34)
698 4148 860 4196 adsectationis
878 4151 925 4196 tres
942 4152 1019 4212 partes
1037 4163 1086 4196 esse
1103 4147 1168 4206 dicit,
1185 4163 1257 4196 unam
1276 4147 1362 4199 saluta·

190 4234 276 4290 torum,
293 4230 389 4280 alteram
408 4231 570 4290 deductorum,
587 4231 680 4280 tertiam
698 4231 876 4280 adsectatorum.
