3274 4998
735 552 797 618 137

178 729 205 794 si
243 728 441 794 memineris
471 734 514 810 et,
550 729 642 816 quad
678 729 721 796 ad
755 735 871 796 vetera
893 735 1058 816 tempora,
1083 729 1223 796 Livium
1246 729 1351 797 semel

177 847 280 928 atque
304 841 430 906 iterum
454 843 664 908 mentionem
688 844 798 909 facere
822 843 864 908 de
888 843 1060 908 frumento
1084 842 1218 909 madico
1238 843 1348 930 pretia

178 953 314 1041 plebi
349 954 458 1020 diviso
484 953 508 1040 ¹)
533 962 567 1022 et
590 956 776 1024 Caesarum
799 963 908 1022 aetate
934 957 1147 1021 frumentum
1171 955 1349 1043 publicum

176 1067 270 1133 idem
293 1068 507 1133 frumentum
527 1068 691 1155 plebis
714 1070 816 1136 fuisse
841 1069 1053 1156 appellatum
1077 1067 1104 1155 ⁵)
1128 1075 1162 1135 et
1186 1068 1349 1136 Suetonio

176 1186 258 1246 teste
274 1180 470 1266 Augustum
486 1182 717 1261 „frumentum
732 1231 738 1245 .
752 1183 788 1247 iu
801 1204 957 1248 annonae
972 1181 1230 1248 difficultatibus
1244 1204 1344 1270 saepe

177 1293 360 1375 levissima,
395 1295 570 1360 interdum
593 1295 689 1361 nulla
713 1297 821 1382 pretio
846 1296 974 1362 viritim
999 1295 1229 1382 admensu(m)
1253 1297 1351 1382 es(se)

178 1414 387 1494 tesserasque
412 1409 623 1474 nummarias
644 1408 928 1495 duplicavi(sse).''
954 1407 982 1495 ³)
1029 1409 1124 1487 Quae
1150 1408 1254 1475 verba
1273 1408 1353 1475 licet

179 1520 387 1588 subobscura
409 1522 486 1604 sint,
512 1523 593 1609 quia
617 1523 680 1588 hae
706 1529 859 1600 tesserae,
884 1529 1001 1609 utpote
1027 1543 1114 1608 quae
1141 1522 1199 1588 hie
1214 1529 1353 1588 tantum

179 1641 501 1718 commemorentur,
526 1637 608 1723 quid
633 1637 760 1703 fuerint
783 1658 921 1724 prorsus
940 1637 1112 1702 incertum
1125 1642 1184 1714 cst,
1199 1636 1226 1723 ⁴)
1239 1637 1352 1703 nescia

213 1838 230 1897 ¹)
263 1839 334 1887 Errat
360 1839 492 1887 Radbertus
517 1855 571 1888 cum
597 1839 719 1889 contendit
743 1839 770 1901 (l.
788 1839 805 1888 l.
832 1857 884 1904 pag.
904 1840 951 1892 378
969 1840 1023 1888 adn,
1042 1840 1083 1899 17)
1100 1839 1199 1888 Livium
1216 1839 1245 1889 dc
1264 1839 1353 1888 harum

177 1926 310 1986 temporum
328 1949 359 1958 —·
377 1926 431 1970 autc
448 1922 563 1970 Gracchos
580 1923 633 1971 dica
651 1951 682 1958 -
701 1923 815 1971 frumenti
833 1923 1044 1971 distributionibus
1053 1928 1159 1987 agentern
1169 1938 1260 1986 semper
1267 1921 1354 1986 papali

178 2004 290 2053 rambula
308 2005 352 2053 uti.
388 2005 497 2069 legimus
515 2006 579 2054 enirn
596 2005 648 2053 Lis.
667 2006 700 2062 11,
719 2007 758 2064 34,
777 2006 791 2058 7
811 2023 890 2070 seqq.:
910 2006 961 2070 „M.
981 2007 1090 2055 Minucia
1107 2006 1191 2054 deinde
1208 2009 1230 2054 et
1248 2007 1277 2053 A.
1288 2006 1353 2053 Sem·

178 2089 261 2151 prania
286 2087 425 2136 consulibus
448 2104 533 2152 magna
558 2089 595 2136 vis
620 2089 733 2138 frumenti
759 2105 787 2136 ex
813 2089 894 2138 Sicilia
919 2090 1022 2147 advecta,
1039 2090 1201 2153 agitatumque
1218 2089 1245 2136 in
1262 2091 1353 2142 senatu,

179 2171 259 2235 quanti
287 2170 385 2234 plebi
403 2171 496 2220 daretur
513 2187 532 2218 e.
551 2188 573 2234 q.
592 2171 627 2220 s.’'
644 2171 686 2229 IV,
706 2172 744 2230 16,
759 2171 791 2218 3:
807 2172 850 2236 „h
869 2173 991 2220 Minucius
1007 2172 1066 2220 bave
1083 2176 1164 2220 aurata
1182 2177 1246 2220 extra
1263 2175 1353 2234 portam

178 2254 338 2318 Trigeminam
355 2249 390 2302 'est
406 2254 506 2302 donatus
525 2269 554 2301 ne
571 2253 639 2318 plebe
653 2255 748 2318 quidem
767 2254 851 2311 invita,
870 2255 925 2318 quia
944 2256 1091 2302 trumentum
1106 2253 1254 2302 Maelianum
1262 2253 1355 2301 assibus

178 2337 202 2385 in
229 2337 321 2386 modios
340 2337 490 2385 aestimatum
507 2336 605 2401 plebi
623 2337 732 2385 divisit.'’
767 2337 804 2384 cf.
821 2339 891 2385 etiarn
910 2339 943 2396 11,
961 2339 984 2392 9,
1003 2338 1025 2385 6.
1061 2337 1172 2385 Ceterum
1190 2336 1277 2386 talibus
1296 2335 1354 2384 lacis

178 2437 224 2468 non
252 2426 341 2469 exstare
372 2421 464 2468 videtur
489 2421 617 2469 discrimen
643 2421 705 2484 quod
732 2421 862 2469 Radbertus
889 2421 973 2469 statuit
998 2421 1061 2469 inter
1078 2422 1193 2485 populum
1217 2425 1241 2468 et
1254 2420 1353 2484 plebem.

177 2504 269 2553 Nititur
286 2505 311 2552 in
330 2503 379 2552 Cic.
398 2504 443 2551 Pra
461 2504 518 2552 Sest.
537 2505 577 2562 48,
599 2504 661 2552 103:
690 2505 828 2568 „agrariam
857 2504 893 2552 Ti.
921 2504 1039 2552 Gracchus
1058 2503 1134 2567 legem
1152 2503 1248 2552 ferebat.
1283 2504 1354 2552 Grata

177 2593 226 2635 erat
251 2586 381 2650 popula
409 2623 615 2635 .........
642 2587 829 2635 Frumentarism
848 2587 924 2650 legem
942 2587 969 2636 C.
988 2586 1107 2635 Gracchus
1125 2586 1220 2635 ferebat.
1247 2586 1353 2634 Iucunda

177 2685 212 2718 res
230 2669 374 2733 plebei.’'
409 2669 552 2718 Radbertum
570 2675 648 2718 tamen
665 2670 755 2732 fugisse
774 2670 870 2718 videtur
886 2670 912 2718 in
930 2671 1035 2718 eiusdem
1053 2669 1192 2734 paragraphi
1210 2669 1280 2717 initio
1292 2668 1351 2732 legi:

178 2753 238 2816 „Sed
255 2757 333 2802 tamen
351 2753 406 2801 haec
424 2753 462 2801 via
479 2769 505 2801 ac
522 2753 581 2802 ratic
599 2753 632 2801 rei
650 2753 760 2816 publicae
778 2755 933 2817 capessendae
950 2753 1009 2802 alirn
1019 2758 1067 2802 erat
1077 2753 1152 2817 magis
1161 2752 1353 2817 pertimescenda,

180 2852 233 2884 cum
260 2836 343 2884 multis
371 2837 397 2884 in
423 2836 491 2884 rebus
518 2836 681 2884 multitudinis
699 2836 805 2884 studium
823 2842 864 2885 aut
881 2837 963 2903 papuli
983 2837 1134 2885 commodum
1150 2836 1180 2884 ab
1198 2835 1301 2884 utilitate
1319 2835 1352 2883 rei

178 2919 286 2983 publicae
302 2919 454 2984 discrepabat.
488 2919 620 2968 Tabellaria
637 2919 674 2968 lex
690 2919 719 2967 ab
737 2919 763 2968 L.
783 2919 864 2968 Cassia
882 2921 1006 2969 ferebatur.
1042 2919 1150 2984 Populus
1168 2919 1302 2968 libertatem
1311 2918 1350 2982 agi

178 3003 274 3066 putabat
299 3019 382 3052 suam:
399 3003 568 3052 dissentiebant
584 3003 704 3066 principes
721 3008 745 3052 et
762 3003 788 3051 in
806 3003 881 3051 salute
898 3004 1048 3068 optimatium
1065 3003 1220 3052 temeritatem
1239 3001 1350 3051 multitu-

178 3087 241 3134 dinis
257 3091 280 3135 ct
296 3086 396 3135 tabellae
413 3085 532 3135 licentiam
551 3086 768 3151 pertimescebant.'’
786 3088 888 3136 Adnotat
902 3086 1140 3136 Halm-Lachmann:
1161 3085 1347 3151 „poputuahier

178 3170 212 3218 irn
238 3169 380 3234 palitischen
405 3170 545 3233 Gegensatze
561 3185 603 3217 zur
620 3170 696 3218 Partei
714 3170 755 3218 der
773 3169 937 3234 Optimatcn.'’
973 3171 1008 3218 Ita
1025 3170 1096 3218 etiam
1114 3169 1206 3226 Livius,
1224 3184 1280 3217 curn
1299 3168 1348 3216 l'ru·

179 3258 286 3300 mentum
303 3253 348 3301 vili
366 3251 402 3301 vel
421 3252 521 3300 minima
538 3253 612 3316 pretia
627 3254 715 3316 popule
729 3253 835 3300 divisum
844 3270 893 3301 esse
902 3253 991 3311 scribit,
998 3253 1087 3316 plebem
1098 3251 1236 3315 intellegere
1245 3251 1349 3300 videtur.

179 3336 216 3384 cf.
234 3335 400 3384 Weissenborn
417 3335 446 3384 ad
463 3335 516 3383 Lir.
534 3335 606 3391 XXX,
625 3336 665 3392 26,
683 3337 697 3382 3
715 3341 738 3384 et
756 3334 1025 3385 Weissenborn-Miller
1038 3336 1066 3383 ad
1084 3335 1137 3383 Lis.
1156 3334 1244 3392 XXXI,
1264 3333 1304 3393 50,
1327 3333 1349 3382 l.

178 3419 215 3467 De
228 3419 317 3483 populi
332 3434 358 3466 ac
372 3418 449 3482 pletis
467 3417 563 3466 vocibus
582 3418 644 3466 idem
662 3417 834 3466 declarantibus
852 3420 881 3467 ct.
900 3435 971 3482 supra
988 3434 1055 3482 pagg.
1074 3418 1116 3477 43,
1127 3417 1173 3466 131
1184 3417 1253 3480 (132)
1262 3417 1317 3466 adn.
1328 3417 1351 3474 5,

180 3505 204 3550 et
220 3502 291 3564 Vaigt
308 3501 333 3549 in
352 3501 393 3550 Iw.
411 3518 433 3550 v.
452 3500 509 3549 M.'s
528 3501 622 3549 Handb.
640 3501 681 3558 IV,
699 3501 734 3558 2²,
752 3517 804 3565 pag.
828 3502 884 3554 337.

214 3584 234 3644 ²)
267 3585 320 3632 Tae.
348 3586 410 3632 Anu.
438 3584 488 3642 XV,
516 3584 562 3632 182
591 3583 673 3648 „Quin
699 3590 721 3632 et
747 3585 926 3633 dissimulandis
944 3600 1024 3633 rerum
1042 3588 1190 3634 externarum
1208 3584 1271 3632 curis
1289 3582 1352 3631 Nero

180 3669 327 3716 trumentum
355 3665 432 3733 plebis
458 3671 571 3715 vetustate
597 3671 734 3731 corruptum
761 3667 788 3715 in
814 3667 921 3716 Tiberim
939 3667 1001 3724 iecit,
1019 3684 1066 3731 qua
1084 3655 1230 3716 securitatem
1246 3680 1352 3714 annonae

181 3754 328 3799 sustentaret.
354 3750 423 3798 cuius
448 3750 522 3814 pretia
540 3749 603 3798 nihil
620 3750 726 3798 additum
745 3754 787 3807 est,
808 3751 917 3814 quamvis
935 3751 1045 3798 ducentas
1061 3751 1134 3798 ferme
1152 3765 1221 3798 naves
1239 3754 1308 3813 portu
1326 3748 1352 3795 in

180 3833 233 3897 ipsa
255 3833 370 3882 violentia
395 3833 539 3897 tempestatis
566 3837 588 3881 et
614 3837 707 3881 centum
734 3832 793 3880 alias
811 3833 892 3881 Tiberi
910 3833 1030 3881 subvectas
1048 3832 1158 3880 fertilitas
1176 3832 1239 3896 iguis
1256 3831 1351 3880 absum·

180 3916 289 3980 psisset.”
324 3916 360 3964 Ne
386 3917 440 3980 quis
465 3916 508 3964 hac
534 3916 585 3964 luco
597 3917 748 3980 frumentum
762 3917 842 3980 plebis
859 3916 959 3980 accipiat
976 3917 1004 3964 de
1022 3915 1123 3980 singulis
1141 3917 1262 3964 mensibus
1279 3914 1351 3978 gratis

180 4000 307 4050 distributa
325 4000 460 4064 impediunt
476 3999 546 4048 verba
563 3999 631 4047 cuiue
644 3999 725 4065 pretio
742 4015 762 4047 e.
779 4016 800 4064 q.
819 4015 838 4048 a.
1130 3982 1133 3988 ¹

213 4083 233 4142 ³)
266 4083 330 4132 Suet.
348 4083 409 4147 Aug.
427 4082 468 4131 41.

214 4167 234 4228 ⁴)
267 4167 303 4214 De
328 4166 366 4215 his
392 4165 486 4215 tesseris
511 4165 653 4213 nummariis
679 4165 854 4214 Mommsenum
880 4165 1024 4227 (ΒΗΑ)
1048 4181 1100 4230 pag.
1128 4165 1280 4226 231secutus
1298 4181 1351 4214 sum

181 4253 305 4314 pauentem
333 4250 495 4315 „trumentum
521 4250 636 4310 quatenus
661 4248 734 4311 gratis
759 4247 948 4307 ministrabatur,
975 4248 1078 4297 divisum
1105 4265 1154 4297 esse
1179 4249 1240 4297 datis
1260 4249 1352 4297 tesseris

1221 4342 1263 4404 10
