<?xml version="1.0" encoding="UTF-8"?>
<!DOCTYPE html PUBLIC "-//W3C//DTD XHTML 1.0 Transitional//EN"
    "http://www.w3.org/TR/xhtml1/DTD/xhtml1-transitional.dtd">
<html xmlns="http://www.w3.org/1999/xhtml" xml:lang="en" lang="en">
 <head>
  <title>
</title>
<meta http-equiv="Content-Type" content="text/html;charset=utf-8" />
  <meta name='ocr-system' content='tesseract 3.04.00' />
  <meta name='ocr-capabilities' content='ocr_page ocr_carea ocr_par ocr_line ocrx_word'/>
</head>
<body>
  <div class='ocr_page' id='page_1' title='image "./depauperumcuraa00essegoog_0311.png"; bbox 0 0 3296 5008; ppageno 0'>
   <div class='ocr_carea' id='block_1_1' title="bbox 658 1595 1004 1837">
    <p class='ocr_par' dir='ltr' id='par_1_1' title="bbox 658 1595 1004 1837">
     <span class='ocr_line' id='line_1_1' title="bbox 658 1595 1004 1662; baseline 0.003 -1"><span class='ocrx_word' id='word_1_1' title='bbox 658 1595 875 1662; x_wconf 74' lang='lat' dir='ltr'><strong>Tnnsns.</strong></span> <span class='ocrx_word' id='word_1_2' title='bbox 1002 1644 1004 1648; x_wconf 68' lang='lat'>,</span> 
     </span>
     <span class='ocr_line' id='line_1_2' title="bbox 759 1773 786 1837; baseline 0.037 -1"><span class='ocrx_word' id='word_1_3' title='bbox 759 1773 786 1837; x_wconf 92' lang='grc' dir='ltr'><strong>Ι.</strong></span> 
     </span>
    </p>
   </div>
   <div class='ocr_carea' id='block_1_2' title="bbox 172 1949 1363 2376">
    <p class='ocr_par' dir='ltr' id='par_1_2' title="bbox 172 1949 1363 2376">
     <span class='ocr_line' id='line_1_3' title="bbox 234 1949 1363 2036; baseline 0.001 -24"><span class='ocrx_word' id='word_1_4' title='bbox 234 1949 410 2035; x_wconf 85' lang='lat' dir='ltr'><strong>Egentium</strong></span> <span class='ocrx_word' id='word_1_5' title='bbox 441 1973 515 2016; x_wconf 87' lang='lat' dir='ltr'><strong>cura</strong></span> <span class='ocrx_word' id='word_1_6' title='bbox 541 1973 615 2015; x_wconf 88' lang='lat' dir='ltr'><strong>vera</strong></span> <span class='ocrx_word' id='word_1_7' title='bbox 638 1954 733 2034; x_wconf 87' lang='lat' dir='ltr'><strong>atque</strong></span> <span class='ocrx_word' id='word_1_8' title='bbox 757 1951 886 2036; x_wconf 88' lang='lat' dir='ltr'><strong>propria</strong></span> <span class='ocrx_word' id='word_1_9' title='bbox 911 1973 930 2014; x_wconf 92' lang='lat' dir='ltr'><strong>a</strong></span> <span class='ocrx_word' id='word_1_10' title='bbox 953 1951 1115 2020; x_wconf 87' lang='lat' dir='ltr'><strong>veteribus</strong></span> <span class='ocrx_word' id='word_1_11' title='bbox 1138 1949 1291 2014; x_wconf 87' lang='lat' dir='ltr'><strong>Romanis</strong></span> <span class='ocrx_word' id='word_1_12' title='bbox 1315 1953 1363 2014; x_wconf 88' lang='lat' dir='ltr'><strong>est</strong></span> 
     </span>
     <span class='ocr_line' id='line_1_4' title="bbox 172 2051 1363 2148; baseline 0.001 -22"><span class='ocrx_word' id='word_1_13' title='bbox 172 2051 409 2130; x_wconf 42' lang='lat' dir='ltr'><strong>‘abiudicanda</strong></span> <span class='ocrx_word' id='word_1_14' title='bbox 433 2063 557 2128; x_wconf 79' lang='lat' dir='ltr'><strong>¹Immo</strong></span> <span class='ocrx_word' id='word_1_15' title='bbox 591 2068 718 2127; x_wconf 88' lang='lat' dir='ltr'><strong>tantum</strong></span> <span class='ocrx_word' id='word_1_16' title='bbox 753 2065 863 2128; x_wconf 90' lang='lat' dir='ltr'><strong>aberat</strong></span> <span class='ocrx_word' id='word_1_17' title='bbox 899 2067 937 2127; x_wconf 91' lang='lat' dir='ltr'><strong>ut</strong></span> <span class='ocrx_word' id='word_1_18' title='bbox 960 2065 1159 2148; x_wconf 77' lang='lat' dir='ltr'>paupertatis</span> <span class='ocrx_word' id='word_1_19' title='bbox 1183 2063 1303 2128; x_wconf 92' lang='lat' dir='ltr'><strong>malum</strong></span> <span class='ocrx_word' id='word_1_20' title='bbox 1326 2065 1363 2127; x_wconf 91' lang='lat' dir='ltr'><strong>in</strong></span> 
     </span>
     <span class='ocr_line' id='line_1_5' title="bbox 186 2174 1362 2262; baseline 0.001 -23"><span class='ocrx_word' id='word_1_21' title='bbox 186 2175 319 2262; x_wconf 85' lang='lat' dir='ltr'><strong>civitate</strong></span> <span class='ocrx_word' id='word_1_22' title='bbox 342 2174 488 2241; x_wconf 74' lang='lat' dir='ltr'><strong>Romana</strong></span> <span class='ocrx_word' id='word_1_23' title='bbox 510 2200 543 2241; x_wconf 91' lang='lat' dir='ltr'><strong>re</strong></span> <span class='ocrx_word' id='word_1_24' title='bbox 568 2199 641 2240; x_wconf 87' lang='lat' dir='ltr'><strong>vcra</strong></span> <span class='ocrx_word' id='word_1_25' title='bbox 664 2178 900 2260; x_wconf 83' lang='lat' dir='ltr'><strong>reprimeretur,</strong></span> <span class='ocrx_word' id='word_1_26' title='bbox 925 2183 961 2240; x_wconf 91' lang='lat' dir='ltr'><strong>ut</strong></span> <span class='ocrx_word' id='word_1_27' title='bbox 985 2178 1121 2262; x_wconf 92' lang='lat' dir='ltr'><strong>quodam</strong></span> <span class='ocrx_word' id='word_1_28' title='bbox 1148 2177 1241 2240; x_wconf 91' lang='lat' dir='ltr'><strong>modo</strong></span> <span class='ocrx_word' id='word_1_29' title='bbox 1265 2177 1362 2240; x_wconf 89' lang='lat' dir='ltr'><strong>etiam</strong></span> 
     </span>
     <span class='ocr_line' id='line_1_6' title="bbox 187 2275 1066 2376; baseline 0.002 -24"><span class='ocrx_word' id='word_1_30' title='bbox 187 2293 375 2374; x_wconf 79' lang='lat' dir='ltr'><strong>augesceret</strong></span> <span class='ocrx_word' id='word_1_31' title='bbox 398 2295 430 2354; x_wconf 87' lang='lat' dir='ltr'><strong>et</strong></span> <span class='ocrx_word' id='word_1_32' title='bbox 453 2291 487 2354; x_wconf 91' lang='lat' dir='ltr'><strong>in</strong></span> <span class='ocrx_word' id='word_1_33' title='bbox 510 2291 577 2355; x_wconf 86' lang='lat' dir='ltr'><strong>dics</strong></span> <span class='ocrx_word' id='word_1_34' title='bbox 601 2275 731 2355; x_wconf 78' lang='lat' dir='ltr'><strong>altiores</strong></span> <span class='ocrx_word' id='word_1_35' title='bbox 755 2295 865 2376; x_wconf 86' lang='lat' dir='ltr'><strong>ageret</strong></span> <span class='ocrx_word' id='word_1_36' title='bbox 888 2291 1023 2355; x_wconf 88' lang='lat' dir='ltr'><strong>radices.</strong></span> <span class='ocrx_word' id='word_1_37' title='bbox 1063 2325 1066 2331; x_wconf 93' lang='lat'><em>·</em></span> 
     </span>
    </p>
   </div>
   <div class='ocr_carea' id='block_1_3' title="bbox 184 2467 1363 3505">
    <p class='ocr_par' dir='ltr' id='par_1_3' title="bbox 762 2467 805 2535">
     <span class='ocr_line' id='line_1_7' title="bbox 762 2467 805 2535; baseline 0.093 -4"><span class='ocrx_word' id='word_1_38' title='bbox 762 2467 805 2535; x_wconf 91' lang='grc' dir='ltr'><strong>ΙΙ.</strong></span> 
     </span>
    </p>

    <p class='ocr_par' dir='ltr' id='par_1_4' title="bbox 184 2644 1363 3505">
     <span class='ocr_line' id='line_1_8' title="bbox 235 2644 1362 2731; baseline 0.001 -22"><span class='ocrx_word' id='word_1_39' title='bbox 235 2644 410 2710; x_wconf 85' lang='lat' dir='ltr'><strong>Mommsen</strong></span> <span class='ocrx_word' id='word_1_40' title='bbox 435 2670 454 2710; x_wconf 90' lang='lat' dir='ltr'><strong>a</strong></span> <span class='ocrx_word' id='word_1_41' title='bbox 477 2667 552 2711; x_wconf 88' lang='lat' dir='ltr'><strong>vero</strong></span> <span class='ocrx_word' id='word_1_42' title='bbox 576 2648 779 2731; x_wconf 90' lang='lat' dir='ltr'><strong>aliquantum</strong></span> <span class='ocrx_word' id='word_1_43' title='bbox 801 2647 900 2724; x_wconf 86' lang='lat' dir='ltr'><strong>abest,</strong></span> <span class='ocrx_word' id='word_1_44' title='bbox 924 2647 981 2711; x_wconf 88' lang='lat' dir='ltr'><strong>ubi</strong></span> <span class='ocrx_word' id='word_1_45' title='bbox 1008 2648 1046 2712; x_wconf 87' lang='lat' dir='ltr'><strong>de</strong></span> <span class='ocrx_word' id='word_1_46' title='bbox 1071 2644 1205 2711; x_wconf 78' lang='lat' dir='ltr'><strong>Caesare</strong></span> <span class='ocrx_word' id='word_1_47' title='bbox 1230 2646 1362 2710; x_wconf 79' lang='lat' dir='ltr'><strong>scribit:</strong></span> 
     </span>
     <span class='ocr_line' id='line_1_9' title="bbox 189 2742 1363 2845; baseline 0.005 -28"><span class='ocrx_word' id='word_1_48' title='bbox 189 2755 327 2822; x_wconf 75' lang='lat' dir='ltr'><strong>»Zuerst</strong></span> <span class='ocrx_word' id='word_1_49' title='bbox 361 2757 476 2824; x_wconf 80' lang='lat' dir='ltr'><strong>Caesar</strong></span> <span class='ocrx_word' id='word_1_50' title='bbox 511 2759 576 2838; x_wconf 89' lang='lat' dir='ltr'><strong>hat,</strong></span> <span class='ocrx_word' id='word_1_51' title='bbox 606 2743 677 2824; x_wconf 85' lang='lat' dir='ltr'><strong>was</strong></span> <span class='ocrx_word' id='word_1_52' title='bbox 694 2761 728 2825; x_wconf 91' lang='lat' dir='ltr'><strong>in</strong></span> <span class='ocrx_word' id='word_1_53' title='bbox 753 2761 808 2824; x_wconf 90' lang='lat' dir='ltr'><strong>der</strong></span> <span class='ocrx_word' id='word_1_54' title='bbox 832 2742 1068 2825; x_wconf 79' lang='lat' dir='ltr'><strong>beschr&#39;ankten</strong></span> <span class='ocrx_word' id='word_1_55' title='bbox 1091 2758 1184 2845; x_wconf 83' lang='lat' dir='ltr'><strong>Enge</strong></span> <span class='ocrx_word' id='word_1_56' title='bbox 1209 2759 1263 2824; x_wconf 90' lang='lat' dir='ltr'><strong>des</strong></span> <span class='ocrx_word' id='word_1_57' title='bbox 1287 2760 1363 2823; x_wconf 91' lang='lat' dir='ltr'><strong>atti-</strong></span> 
     </span>
     <span class='ocr_line' id='line_1_10' title="bbox 189 2870 1361 2960; baseline 0.002 -26"><span class='ocrx_word' id='word_1_58' title='bbox 189 2870 288 2936; x_wconf 88' lang='lat' dir='ltr'><strong>schen</strong></span> <span class='ocrx_word' id='word_1_59' title='bbox 322 2871 446 2936; x_wconf 73' lang='lat' dir='ltr'><strong>[rebeus</strong></span> <span class='ocrx_word' id='word_1_60' title='bbox 473 2871 742 2938; x_wconf 85' lang='lat' dir='ltr'><strong>Gemeindesache</strong></span> <span class='ocrx_word' id='word_1_61' title='bbox 761 2873 930 2960; x_wconf 87' lang='lat' dir='ltr'><strong>geblieben</strong></span> <span class='ocrx_word' id='word_1_62' title='bbox 956 2897 1030 2952; x_wconf 85' lang='lat' dir='ltr'><strong>war,</strong></span> <span class='ocrx_word' id='word_1_63' title='bbox 1055 2895 1095 2936; x_wconf 87' lang='lat' dir='ltr'><strong>zu</strong></span> <span class='ocrx_word' id='word_1_64' title='bbox 1119 2873 1206 2938; x_wconf 87' lang='lat' dir='ltr'><strong>einer</strong></span> <span class='ocrx_word' id='word_1_65' title='bbox 1230 2874 1361 2960; x_wconf 84' lang='lat' dir='ltr'><strong>organi-</strong></span> 
     </span>
     <span class='ocr_line' id='line_1_11' title="bbox 189 2983 1363 3074; baseline 0.003 -27"><span class='ocrx_word' id='word_1_66' title='bbox 189 2984 287 3048; x_wconf 89' lang='lat' dir='ltr'><strong>schen</strong></span> <span class='ocrx_word' id='word_1_67' title='bbox 322 2983 598 3052; x_wconf 78' lang='lat' dir='ltr'><strong>Staatinstitution</strong></span> <span class='ocrx_word' id='word_1_68' title='bbox 633 2987 819 3051; x_wconf 87' lang='lat' dir='ltr'><strong>entwickelt</strong></span> <span class='ocrx_word' id='word_1_69' title='bbox 854 2989 918 3051; x_wconf 88' lang='lat' dir='ltr'><strong>und</strong></span> <span class='ocrx_word' id='word_1_70' title='bbox 955 2988 1025 3051; x_wconf 87' lang='lat' dir='ltr'><strong>eine</strong></span> <span class='ocrx_word' id='word_1_71' title='bbox 1060 2986 1288 3074; x_wconf 81' lang='lat' dir='ltr'><strong>Eiurichtung‚</strong></span> <span class='ocrx_word' id='word_1_72' title='bbox 1312 2987 1363 3052; x_wconf 88' lang='lat' dir='ltr'><strong>die</strong></span> 
     </span>
     <span class='ocr_line' id='line_1_12' title="bbox 189 3097 1363 3184; baseline 0.003 -23"><span class='ocrx_word' id='word_1_73' title='bbox 189 3097 243 3161; x_wconf 80' lang='lat' dir='ltr'><strong>fur</strong></span> <span class='ocrx_word' id='word_1_74' title='bbox 266 3099 327 3162; x_wconf 87' lang='lat' dir='ltr'><strong>den</strong></span> <span class='ocrx_word' id='word_1_75' title='bbox 352 3097 441 3162; x_wconf 76' lang='lat' dir='ltr'><strong>Staat</strong></span> <span class='ocrx_word' id='word_1_76' title='bbox 465 3100 535 3164; x_wconf 90' lang='lat' dir='ltr'><strong>eine</strong></span> <span class='ocrx_word' id='word_1_77' title='bbox 559 3099 636 3164; x_wconf 88' lang='lat' dir='ltr'><strong>Last</strong></span> <span class='ocrx_word' id='word_1_78' title='bbox 659 3101 724 3164; x_wconf 91' lang='lat' dir='ltr'><strong>und</strong></span> <span class='ocrx_word' id='word_1_79' title='bbox 749 3103 819 3165; x_wconf 88' lang='lat' dir='ltr'><strong>eine</strong></span> <span class='ocrx_word' id='word_1_80' title='bbox 844 3099 999 3165; x_wconf 86' lang='lat' dir='ltr'><strong>Schmach</strong></span> <span class='ocrx_word' id='word_1_81' title='bbox 1025 3123 1089 3164; x_wconf 86' lang='lat' dir='ltr'><strong>war</strong></span> <span class='ocrx_word' id='word_1_82' title='bbox 1113 3138 1155 3148; x_wconf 99' lang='lat'>-</span> <span class='ocrx_word' id='word_1_83' title='bbox 1179 3101 1310 3184; x_wconf 84' lang='lat' dir='ltr'><strong>respicit</strong></span> <span class='ocrx_word' id='word_1_84' title='bbox 1323 3101 1363 3164; x_wconf 90' lang='lat' dir='ltr'><strong>ad</strong></span> 
     </span>
     <span class='ocr_line' id='line_1_13' title="bbox 189 3192 1362 3300; baseline 0.003 -26"><span class='ocrx_word' id='word_1_85' title='bbox 189 3192 370 3275; x_wconf 87' lang='lat' dir='ltr'><strong>menstruas</strong></span> <span class='ocrx_word' id='word_1_86' title='bbox 405 3212 558 3276; x_wconf 89' lang='lat' dir='ltr'><strong>frumenti</strong></span> <span class='ocrx_word' id='word_1_87' title='bbox 592 3213 781 3300; x_wconf 87' lang='lat' dir='ltr'><strong>largitiones</strong></span> <span class='ocrx_word' id='word_1_88' title='bbox 815 3253 859 3262; x_wconf 91' lang='lat'>—</span> <span class='ocrx_word' id='word_1_89' title='bbox 888 3213 1126 3300; x_wconf 85' lang='lat' dir='ltr'><strong>umgeschaffen</strong></span> <span class='ocrx_word' id='word_1_90' title='bbox 1146 3214 1180 3276; x_wconf 91' lang='lat' dir='ltr'><strong>in</strong></span> <span class='ocrx_word' id='word_1_91' title='bbox 1205 3214 1255 3278; x_wconf 91' lang='lat' dir='ltr'><strong>die</strong></span> <span class='ocrx_word' id='word_1_92' title='bbox 1279 3217 1362 3278; x_wconf 89' lang='lat' dir='ltr'><strong>erste</strong></span> 
     </span>
     <span class='ocr_line' id='line_1_14' title="bbox 184 3325 1361 3412; baseline 0.003 -25"><span class='ocrx_word' id='word_1_93' title='bbox 184 3325 278 3407; x_wconf 88' lang='lat' dir='ltr'><strong>jener</strong></span> <span class='ocrx_word' id='word_1_94' title='bbox 313 3325 408 3389; x_wconf 88' lang='lat' dir='ltr'><strong>heute</strong></span> <span class='ocrx_word' id='word_1_95' title='bbox 444 3347 479 3389; x_wconf 93' lang='lat' dir='ltr'><strong>so</strong></span> <span class='ocrx_word' id='word_1_96' title='bbox 513 3325 732 3390; x_wconf 81' lang='lat' dir='ltr'><strong>nuz&#39;eihlbaren</strong></span> <span class='ocrx_word' id='word_1_97' title='bbox 768 3327 827 3390; x_wconf 90' lang='lat' dir='ltr'><strong>wie</strong></span> <span class='ocrx_word' id='word_1_98' title='bbox 852 3326 1095 3412; x_wconf 88' lang='lat' dir='ltr'><strong>segensreiehen</strong></span> <span class='ocrx_word' id='word_1_99' title='bbox 1120 3326 1303 3404; x_wconf 87' lang='lat' dir='ltr'><strong>Anstalten‚</strong></span> <span class='ocrx_word' id='word_1_100' title='bbox 1327 3328 1361 3391; x_wconf 91' lang='lat' dir='ltr'><strong>in</strong></span> 
     </span>
     <span class='ocr_line' id='line_1_15' title="bbox 190 3437 1361 3505; baseline 0.004 -5"><span class='ocrx_word' id='word_1_101' title='bbox 190 3437 292 3504; x_wconf 87' lang='lat' dir='ltr'><strong>denen</strong></span> <span class='ocrx_word' id='word_1_102' title='bbox 328 3438 383 3501; x_wconf 87' lang='lat' dir='ltr'><strong>das</strong></span> <span class='ocrx_word' id='word_1_103' title='bbox 403 3437 593 3502; x_wconf 89' lang='lat' dir='ltr'><strong>unendliohe</strong></span> <span class='ocrx_word' id='word_1_104' title='bbox 618 3438 832 3504; x_wconf 89' lang='lat' dir='ltr'><strong>menschliche</strong></span> <span class='ocrx_word' id='word_1_105' title='bbox 856 3439 1035 3504; x_wconf 79' lang='lat' dir='ltr'><strong>Erbarmen</strong></span> <span class='ocrx_word' id='word_1_106' title='bbox 1058 3440 1118 3502; x_wconf 89' lang='lat' dir='ltr'><strong>mit</strong></span> <span class='ocrx_word' id='word_1_107' title='bbox 1141 3441 1212 3504; x_wconf 90' lang='lat' dir='ltr'><strong>dem</strong></span> <span class='ocrx_word' id='word_1_108' title='bbox 1237 3441 1361 3505; x_wconf 87' lang='lat' dir='ltr'><strong>unend-</strong></span> 
     </span>
    </p>
   </div>
   <div class='ocr_carea' id='block_1_4' title="bbox 188 3549 1360 3748">
    <p class='ocr_par' dir='ltr' id='par_1_5' title="bbox 188 3549 1360 3748">
     <span class='ocr_line' id='line_1_16' title="bbox 188 3549 1360 3640; baseline 0.003 -26"><span class='ocrx_word' id='word_1_109' title='bbox 188 3549 296 3615; x_wconf 87' lang='lat' dir='ltr'><strong>lichcn</strong></span> <span class='ocrx_word' id='word_1_110' title='bbox 331 3550 569 3615; x_wconf 89' lang='lat' dir='ltr'><strong>menschlichen</strong></span> <span class='ocrx_word' id='word_1_111' title='bbox 591 3551 695 3616; x_wconf 82' lang='lat' dir='ltr'><strong>Elend</strong></span> <span class='ocrx_word' id='word_1_112' title='bbox 718 3553 839 3639; x_wconf 87' lang='lat' dir='ltr'><strong>ringt.&#39;’</strong></span> <span class='ocrx_word' id='word_1_113' title='bbox 887 3553 1046 3637; x_wconf 89' lang='lat' dir='ltr'><strong>(Momms.</strong></span> <span class='ocrx_word' id='word_1_114' title='bbox 1071 3551 1110 3616; x_wconf 88' lang='lat' dir='ltr'><strong>R.</strong></span> <span class='ocrx_word' id='word_1_115' title='bbox 1135 3551 1174 3616; x_wconf 79' lang='lat' dir='ltr'><strong>G.</strong></span> <span class='ocrx_word' id='word_1_116' title='bbox 1198 3552 1262 3616; x_wconf 81' lang='lat'><strong>111⁶</strong></span> <span class='ocrx_word' id='word_1_117' title='bbox 1285 3575 1360 3640; x_wconf 87' lang='lat' dir='ltr'><strong>pag.</strong></span> 
     </span>
     <span class='ocr_line' id='line_1_17' title="bbox 191 3663 280 3748; baseline 0 -22"><span class='ocrx_word' id='word_1_118' title='bbox 191 3663 280 3748; x_wconf 79' lang='lat'><strong>507.)</strong></span> 
     </span>
    </p>
   </div>
   <div class='ocr_carea' id='block_1_5' title="bbox 744 3843 806 3910">
    <p class='ocr_par' dir='ltr' id='par_1_6' title="bbox 744 3843 806 3910">
     <span class='ocr_line' id='line_1_18' title="bbox 744 3843 806 3910; baseline 0.065 -4"><span class='ocrx_word' id='word_1_119' title='bbox 744 3843 806 3910; x_wconf 92' lang='grc' dir='ltr'><strong>ΙΙΙ.</strong></span> 
     </span>
    </p>
   </div>
   <div class='ocr_carea' id='block_1_6' title="bbox 187 4017 1360 4334">
    <p class='ocr_par' dir='ltr' id='par_1_7' title="bbox 187 4017 1360 4334">
     <span class='ocr_line' id='line_1_19' title="bbox 233 4017 1359 4106; baseline 0.004 -24"><span class='ocrx_word' id='word_1_120' title='bbox 233 4017 473 4084; x_wconf 84' lang='lat' dir='ltr'><strong>Frumentariae</strong></span> <span class='ocrx_word' id='word_1_121' title='bbox 496 4019 584 4106; x_wconf 87' lang='lat' dir='ltr'><strong>leges</strong></span> <span class='ocrx_word' id='word_1_122' title='bbox 607 4023 644 4083; x_wconf 92' lang='lat' dir='ltr'><strong>ut</strong></span> <span class='ocrx_word' id='word_1_123' title='bbox 667 4043 684 4084; x_wconf 89' lang='lat' dir='ltr'><strong>e</strong></span> <span class='ocrx_word' id='word_1_124' title='bbox 707 4022 846 4103; x_wconf 88' lang='lat' dir='ltr'><strong>partium</strong></span> <span class='ocrx_word' id='word_1_125' title='bbox 872 4020 978 4086; x_wconf 88' lang='lat' dir='ltr'><strong>studio</strong></span> <span class='ocrx_word' id='word_1_126' title='bbox 1002 4023 1090 4085; x_wconf 86' lang='lat' dir='ltr'><strong>ortae</strong></span> <span class='ocrx_word' id='word_1_127' title='bbox 1115 4024 1216 4099; x_wconf 83' lang='lat' dir='ltr'><strong>erant,</strong></span> <span class='ocrx_word' id='word_1_128' title='bbox 1241 4022 1288 4085; x_wconf 88' lang='lat' dir='ltr'><strong>ita</strong></span> <span class='ocrx_word' id='word_1_129' title='bbox 1299 4043 1359 4106; x_wconf 92' lang='lat' dir='ltr'><strong>pu·</strong></span> 
     </span>
     <span class='ocr_line' id='line_1_20' title="bbox 189 4132 1360 4218; baseline 0.003 -22"><span class='ocrx_word' id='word_1_130' title='bbox 189 4132 290 4196; x_wconf 90' lang='lat' dir='ltr'><strong>blicae</strong></span> <span class='ocrx_word' id='word_1_131' title='bbox 325 4133 478 4197; x_wconf 90' lang='lat' dir='ltr'><strong>frumenti</strong></span> <span class='ocrx_word' id='word_1_132' title='bbox 516 4132 705 4218; x_wconf 83' lang='lat' dir='ltr'><strong>largitiones</strong></span> <span class='ocrx_word' id='word_1_133' title='bbox 729 4135 776 4197; x_wconf 91' lang='lat' dir='ltr'><strong>rei</strong></span> <span class='ocrx_word' id='word_1_134' title='bbox 799 4134 947 4218; x_wconf 89' lang='lat' dir='ltr'><strong>publicae</strong></span> <span class='ocrx_word' id='word_1_135' title='bbox 971 4155 1065 4198; x_wconf 86' lang='lat' dir='ltr'><strong>causa</strong></span> <span class='ocrx_word' id='word_1_136' title='bbox 1089 4134 1360 4200; x_wconf 85' lang='lat' dir='ltr'><strong>continuabantur</strong></span> 
     </span>
     <span class='ocr_line' id='line_1_21' title="bbox 187 4246 1281 4334; baseline 0.004 -25"><span class='ocrx_word' id='word_1_137' title='bbox 187 4265 293 4330; x_wconf 88' lang='lat' dir='ltr'><strong>neque</strong></span> <span class='ocrx_word' id='word_1_138' title='bbox 317 4268 457 4329; x_wconf 90' lang='lat' dir='ltr'><strong>unquam</strong></span> <span class='ocrx_word' id='word_1_139' title='bbox 482 4246 614 4311; x_wconf 83' lang='lat' dir='ltr'><strong>fuerunt</strong></span> <span class='ocrx_word' id='word_1_140' title='bbox 642 4247 806 4333; x_wconf 84' lang='lat' dir='ltr'><strong>egentium</strong></span> <span class='ocrx_word' id='word_1_141' title='bbox 832 4269 908 4312; x_wconf 90' lang='lat' dir='ltr'><strong>cura</strong></span> <span class='ocrx_word' id='word_1_142' title='bbox 931 4269 1006 4314; x_wconf 86' lang='lat' dir='ltr'><strong>vera</strong></span> <span class='ocrx_word' id='word_1_143' title='bbox 1026 4250 1122 4332; x_wconf 88' lang='lat' dir='ltr'><strong>atque</strong></span> <span class='ocrx_word' id='word_1_144' title='bbox 1142 4250 1281 4334; x_wconf 85' lang='lat' dir='ltr'><strong>propria.</strong></span> 
     </span>
    </p>
   </div>
   <div class='ocr_carea' id='block_1_7' title="bbox 0 0 1666 5008">
    <p class='ocr_par' dir='ltr' id='par_1_8' title="bbox 0 0 1666 5008">
     <span class='ocr_line' id='line_1_22' title="bbox 0 0 1666 5008; baseline 0 0"><span class='ocrx_word' id='word_1_145' title='bbox 0 0 1666 5008; x_wconf 95' lang='lat' dir='ltr'><strong> </strong></span> 
     </span>
    </p>
   </div>
  </div>
 </body>
</html>
