3226 4998
753 499 794 565 59

227 681 313 746 Caro
336 679 415 744 lieet
427 681 519 767 plebi
531 675 589 748 aoo
599 690 698 768 optus
710 680 806 747 cibus
819 686 913 760 esset,
928 677 953 766 ¹)
967 683 1093 748 maiore
1107 682 1217 748 stabat
1229 683 1351 769 pretio.

183 793 347 878 Legimus
388 795 482 859 onim
515 796 607 881 apud
642 795 882 882 Lampridium
916 794 957 860 de
982 794 1181 861 Alexandro
1205 795 1351 874 Severo:

188 907 296 985 „Cum
330 907 499 973 uilitatem
534 909 682 995 populus
715 909 893 974 Romanus
916 907 959 973 ab
983 929 1022 974 eo
1047 915 1186 995 peteret,
1211 909 1354 974 interro·
1420 953 1424 971 Ι

185 1020 281 1104 gavit
302 1041 363 1106 per
390 1021 575 1102 curionem,
602 1044 707 1108 quam
729 1019 877 1108 speeiem
901 1043 1016 1087 caram
1032 1028 1202 1108 putarent.
1215 1021 1266 1086 illi
1278 1044 1355 1088 con-

184 1133 282 1198 tinuo
310 1135 600 1216 exclamauerunt,
626 1157 765 1201 earnem
788 1135 955 1200 bubulam
979 1141 1080 1221 atque
1105 1135 1313 1221 porcinam.'’
1328 1135 1380 1223 ⁹).

184 1247 376 1333 Imperator
410 1254 526 1313 tamen
561 1249 752 1314 remedium
785 1249 992 1333 excogitavit
1029 1269 1096 1334 quo
1120 1249 1270 1334 pretium
1293 1249 1355 1313 mi-

186 1367 366 1442 nuerotur.¹
411 1361 527 1440 „Tune
570 1362 626 1427 ille
667 1384 738 1428 non
783 1363 923 1448 quidem
970 1361 1139 1426 uilitatem
1179 1362 1355 1448 proposuit

187 1473 245 1538 sed
280 1474 386 1555 iussit,
429 1497 471 1540 ne
508 1476 584 1561 quis
615 1476 823 1541 suminatam
857 1475 1033 1556 occideret,
1063 1496 1106 1540 ne
1131 1475 1207 1561 quis
1228 1473 1355 1540 lactan·

185 1593 264 1668 tem,
300 1609 343 1654 ne
388 1589 464 1674 quis
498 1611 647 1669 uaccam,
685 1611 727 1654 ne
764 1589 839 1675 quis
874 1577 1114 1668 damalionem,
1150 1594 1354 1674 tantumque

184 1701 274 1766 intra
307 1701 487 1766 biennium
521 1702 577 1768 uel
612 1725 716 1788 prope
747 1724 881 1767 annum
904 1701 1063 1788 porcinae
1090 1701 1202 1766 carnis
1225 1701 1290 1766 fuit
1324 1708 1357 1766 et

185 1813 343 1894 bubulae,
379 1821 426 1895 ut,
462 1837 542 1880 curn
577 1817 694 1880 fuisset
729 1814 983 1881 octominutalis
1018 1813 1117 1896 libra,
1154 1813 1180 1902 ⁸)
1204 1815 1248 1879 ad
1271 1815 1357 1880 duos

185 1948 363 2013 unumque
388 1929 565 2015 utriusque
590 1930 700 1994 earnis
729 1929 817 1994 libra
840 1929 1081 2013 redigeretur.’'
1102 1928 1128 2013 ⁴)
1163 1928 1206 1992 In
1235 1928 1356 1994 Edicto

187 2040 399 2106 Diocletiano
437 2063 515 2107 caro
550 2043 679 2108 bubula
714 2043 814 2109 vilior
840 2049 890 2108 est
912 2063 1018 2128 quam
1041 2041 1191 2128 porcina,
1216 2042 1356 2108 fortasse

189 2154 270 2239 quia
310 2154 347 2219 in
389 2155 453 2220 hao
492 2155 568 2241 plus
596 2157 750 2222 alimenti
774 2177 854 2236 esse,
881 2156 904 2242 ⁵)
927 2154 987 2220 illa
1010 2161 1128 2221 contra
1151 2155 1357 2238 sanguinem

188 2288 339 2332 crassum
362 2268 502 2333 reddere
527 2269 723 2354 putabatur.
748 2269 774 2356 6)
1375 2256 1377 2259 ’

234 2381 333 2459 Quod
369 2382 412 2446 ad
445 2383 618 2448 hortensia
652 2381 845 2448 Rodbertus
869 2381 895 2470 ⁷)
920 2381 1058 2468 quidem
1083 2379 1209 2466 aliique
1233 2386 1356 2466 putant

189 2494 318 2560 Romae
354 2497 530 2581 egentium
563 2497 800 2562 condicionem
835 2501 907 2563 tam
930 2495 1091 2560 miseram
1113 2494 1215 2559 fuisse
1241 2501 1278 2559 ut
1301 2494 1357 2560 vel

189 2607 280 2673 olera
315 2631 485 2696 pomaque
510 2611 551 2676 iis
574 2594 741 2694 ilonegata
765 2617 884 2676 essent.
909 2609 1010 2687 Quod
1033 2608 1186 2674 efficiunt
1208 2629 1251 2672 ex
1275 2608 1358 2673 duo·

188 2721 252 2786 bus
285 2722 367 2788 locis
401 2724 577 2805 Plinianis,
613 2746 760 2810 quorum
794 2724 879 2789 alter
908 2730 977 2788 est:
1014 2721 1086 2802 ,Ob
1110 2723 1175 2787 hoc
1199 2721 1300 2786 insita
1324 2728 1358 2786 et

188 2835 349 2901 arborum
374 2858 510 2924 quoque
534 2838 701 2904 adulteria
720 2839 912 2923 excogitata
927 2844 1015 2917 sunt,
1038 2843 1088 2901 ut
1111 2859 1134 2900 n
1147 2856 1195 2901 ec
1222 2856 1359 2921 poma

188 2951 879 3036 pauperibusnasoerentur.’'
905 2952 931 3039 ⁸)
955 2949 1160 3030 Alter:'„In
1180 2948 1359 3035 his(sc.in

224 3160 242 3220 ¹)
260 3162 335 3225 llarq.
371 3161 388 3208 l.
406 3160 423 3209 1.
459 3177 510 3224 pag.
537 3160 601 3207 429:
629 3157 796 3222 „Schliesslich
822 3157 900 3204 warde
925 3153 1069 3203 Rindfloisoh
1095 3153 1179 3200 abenso
1196 3153 1241 3199 wie
1263 3151 1358 3213 Ziegen-

188 3245 290 3303 Lamm,
309 3244 430 3293 1111111111-
449 3244 497 3292 und
515 3241 714 3290 Schweineflaisoh
724 3242 762 3290 ein
773 3238 978 3300 unentbehrliohes
987 3234 1190 3299 Nahrungsmittel
1200 3235 1239 3282 des
1248 3232 1359 3281 Volkes.''

188 3329 252 3376 Inter
269 3328 355 3376 viliora
372 3343 455 3391 genem
472 3327 558 3390 agnina
575 3327 648 3374 fuisso
666 3325 765 3373 videtur.
784 3324 842 3372 Hor.
861 3321 936 3386 Epist.
955 3321 974 3379 I,
994 3321 1033 3378 15,
1052 3319 1099 3366 35:
1119 3315 1359 3383 „Vilisetogniuao”

222 3411 240 3472 ²)
258 3410 377 3475 lamprid.
395 3410 526 3459 11111811.
545 3409 584 3468 22,
603 3410 626 3462 7.
664 3448 667 3452 -

223 3494 375 3553 1)1111“11111111
401 3493 452 3542 1.1.
479 3510 530 3557 pag.
558 3493 605 3544 73:
634 3492 664 3555 ,8
691 3490 802 3538 1111111111
827 3490 858 3550 (d.
885 3489 908 3537 h.
935 3485 1041 3550 arqentei
1066 3483 1177 3532 minutati
1202 3484 1256 3531 oder
1273 3481 1360 3530 Silber·

189 3577 279 3634 derare,
305 3577 374 3624 deren
401 3576 587 3624 Nominalwerth
613 3573 701 3622 (lamala
728 3575 759 3626 73
786 3574 822 3620 Pf.
848 3573 937 3634 betrug,
963 3571 1000 3617 die
1025 3568 1080 3616 aber
1097 3568 1122 3615 in
1140 3565 1305 3614 Wirklichkeit
1323 3563 1359 3611 bei

189 3659 230 3707 der
246 3676 271 3707 so
289 3659 444 3722 ungemeinen
462 3659 686 3721 Vorschlechierung
703 3658 743 3706 der
757 3652 1056 3720 Silberprigungsehrviel
1067 3648 1258 3711 minderwerthig
1266 3650 1360 3706 waren),

192 3758 239 3790 was
257 3742 302 3790 mit
319 3742 393 3790 Reoht
410 3742 445 3790 als
463 3741 562 3790 iiberaus
579 3742 661 3790 theuer
677 3740 750 3804 gilt.''

224 3826 243 3883 ⁴)
260 3825 381 3893 Lamprid.
399 3825 416 3874 1.
435 3825 451 3873 l.
470 3829 480 3886 §
499 3827 521 3873 8.

224 3909 242 3964 ⁵)
259 3908 295 3956 Cf.
314 3907 490 3957 Β11111111111.1.
509 3913 531 3956 et
548 3907 610 3956 locos
628 3907 662 3955 ibi
680 3906 792 3956 laudatos.

221 3991 240 4050 ⁸)
259 3990 319 4039 lbid.

225 4073 243 4133 7)
268 4075 315 4122 Zur
331 4075 403 4138 Frage
420 4075 460 4122 des
478 4075 621 4122 Sarhwerths
639 4075 678 4122 des
695 4073 779 4121 Geldes
797 4074 830 4120 im
849 4071 992 4127 Alterthum,
1010 4066 1141 4116 iuJahrbb.
1152 4068 1167 4113 1.
1178 4063 1358 4113 Nutioualiilmn.

189 4173 212 4205 u.
230 4158 317 4206 satist.
336 4159 390 4206 XIV
407 4159 499 4219 (1870),
517 4175 568 4222 pag.
587 4159 633 4206 351
653 4175 700 4221 seq.

222 4241 242 4301 8>
260 4241 323 4290 Plin.
342 4241 372 4290 N.
391 4241 423 4290 H.
442 4240 517 4300 XVII,
537 4241 558 4299 l,
578 4241 599 4288 8.
