3226 4998
809 505 852 571 42

247 681 452 750 revocabant
474 689 508 748 et
529 681 667 768 longius
688 682 725 748 in
748 688 923 770 posterum
945 682 1201 772 prospiciebant
1223 681 1350 760 futura,
1378 679 1423 744 de

249 817 285 862 re
319 795 456 882 publica
485 795 585 862 valde
607 795 777 862 timebant
800 798 989 882 cogitantes
1012 797 1104 884 quod
1127 795 1259 861 malum
1280 793 1423 879 penitus

249 910 322 975 eius
343 909 529 976 visceribus
551 909 753 976 inhaereret.

295 1022 382 1088 Aere
416 1021 502 1088 illud
536 1029 707 1088 certamen
744 1023 836 1109 quad
868 1031 941 1090 tam
964 1026 1023 1091 diu
1047 1023 1269 1111 patriciorum
1291 1027 1325 1086 et
1349 1019 1422 1105 ple-

251 1136 406 1203 beiorum
454 1137 586 1203 animos
619 1136 891 1219 exacerbaverat,
928 1161 1032 1226 prope
1067 1139 1138 1204 iam
1172 1138 1213 1208 in
1243 1133 1420 1200 oblivione

251 1250 391 1316 iacebat.
438 1250 663 1336 Temporibus
697 1255 836 1320 mutatis
870 1275 961 1320 nova
995 1252 1136 1319 nomina
1169 1246 1420 1316 evalescebant.

251 1364 359 1429 Erant
381 1385 461 1430 sane
485 1364 647 1430 factiones
669 1366 706 1430 in
728 1389 764 1434 re
788 1367 935 1455 publica.
985 1367 1132 1447 „Quiea
1148 1384 1234 1450 quae
1247 1359 1421 1427 faciebant

252 1498 407 1564 quaeque
431 1477 598 1560 dicebant,
623 1480 847 1547 multidudini
869 1481 1021 1547 iucunda
1043 1477 1205 1545 volebant
1217 1497 1297 1556 esse,
1310 1494 1420 1560 popu-

250 1590 347 1671 lares,
382 1592 442 1678 qui
474 1598 590 1658 autem
622 1593 671 1659 ita
701 1617 735 1660 se
769 1595 943 1680 gerebant,
976 1600 1014 1658 ut
1037 1614 1099 1658 sua
1122 1589 1264 1657 consilia
1287 1587 1419 1673 optimo

250 1704 373 1792 cuique
409 1703 601 1791 probarent,
636 1709 816 1793 optimates
850 1706 1098 1774 habebantur''.
1124 1703 1150 1791 1)
1195 1702 1262 1768 Sed
1291 1701 1420 1766 horum

251 1816 463 1884 velitationes
501 1818 684 1886 observans
718 1843 898 1908 quaereres
933 1828 1054 1886 utrum
1089 1821 1337 1884 asseveraretur
1372 1835 1419 1877 an

251 1936 447 1997 tentaretur.
485 1930 511 2019 ²)
557 1933 627 2000 Nec
661 1935 807 2001 vacabat
841 1936 1030 2002 offensione
1067 1932 1159 2019 quod
1182 1929 1312 1995 nobiles
1335 1947 1419 1991 mox

252 2066 370 2111 veram
414 2045 627 2112 nobilitatem
672 2071 716 2113 ex
756 2050 883 2115 virtute
920 2048 1067 2135 pendere
1103 2045 1200 2111 obliti
1235 2041 1333 2129 quasi
1367 2061 1419 2105 or·

253 2157 332 2223 bern
366 2160 539 2245 quendam
570 2161 718 2227 divitum
743 2164 901 2246 gentium
927 2160 1153 2228 conficiebant
1177 2178 1263 2244 quae
1288 2175 1418 2241 paucae

253 2292 396 2338 numero
430 2270 456 2358 ⁸)
491 2274 637 2339 honores
674 2276 783 2355 „inter
817 2299 851 2342 se
888 2298 949 2361 per
983 2295 1106 2339 manus
1143 2268 1354 2336 tradebant''.
1390 2265 1418 2350 4)

253 2385 349 2450 Haeo
395 2387 511 2451 omnia
556 2394 672 2454 tamen
719 2389 861 2454 minoris
905 2387 1123 2474 putabantur.
1181 2381 1316 2466 Vulgus
1347 2401 1418 2444 non

253 2499 323 2563 iam
361 2499 436 2564 iura
469 2500 607 2586 publica
641 2502 842 2568 affectabat:
878 2502 963 2567 ratio
998 2507 1100 2586 atque
1135 2496 1310 2563 inclinatio
1334 2501 1418 2558 tem·

253 2633 375 2698 porum
407 2614 523 2678 omnia
557 2615 600 2678 ad
634 2615 820 2680 utilitatem
852 2615 959 2681 solam
994 2612 1168 2678 referebat.
1216 2609 1294 2674 Alia
1316 2628 1419 2672 causa

253 2730 325 2790 erat
358 2746 419 2790 cur
457 2725 520 2791 sub
554 2727 653 2793 novis
686 2728 885 2793 nominibus
917 2734 1048 2793 veteres
1082 2723 1267 2790 discordiae
1291 2726 1420 2806 repete·

254 2843 380 2918 rentur,
426 2844 519 2904 tanto
552 2841 705 2922 acriores
742 2849 871 2928 quanto
906 2864 949 2908 ex
983 2862 1106 2924 genere
1142 2841 1301 2924 quaeest
1324 2832 1420 2898 nobi-

253 2949 330 3015 litas
364 2951 478 3016 minus
513 2953 627 3019 odiosa
662 2977 731 3020 esse
767 2955 860 3035 solet,
894 2977 999 3041 quam
1022 2955 1082 3018 vix
1105 2951 1245 3017 serenda
1267 2947 1421 3034 potentia

254 3085 382 3145 eorum,
406 3066 465 3151 qui
489 3068 622 3150 magnis
645 3070 713 3132 suis
737 3069 858 3154 opibus
881 3069 959 3134 elati
983 3073 1104 3154 putent
1131 3086 1222 3144 ,rem
1244 3061 1419 3148 publicam

293 3241 309 3302 ¹)
343 3243 393 3292 Cic.
412 3245 458 3293 Pro
475 3246 533 3293 Sest.
553 3249 593 3303 45,
612 3248 651 3295 96.

289 3324 308 3385 ⁷)
342 3326 378 3375 cf.
396 3327 507 3376 Momms.
527 3329 555 3376 a.
573 3331 601 3378 G.
621 3331 657 3379 11⁸
675 3346 726 3394 pag.
746 3331 785 3381 73.

288 3409 307 3469 ἲ)
342 3408 399 3458 Sall.
417 3409 469 3473 lug.
488 3411 528 3468 41,
547 3412 575 3463 7:
595 3413 741 3475 „Paucorum
760 3413 860 3461 arbitrio
877 3413 934 3461 belli
953 3414 1064 3476 domique
1079 3409 1227 3474 agitabatur3
1246 3405 1419 3470 peneseosdcm

254 3491 369 3540 aerarium
387 3493 528 3556 provinciae,
546 3495 696 3557 magistratus
711 3496 799 3559 gloriae
815 3496 979 3560 triumphique
995 3494 1085 3543 erant.''

288 3573 308 3633 ⁴)
342 3574 378 3622 Cf.
406 3574 462 3622 Sall.
481 3575 534 3638 lug.
553 3577 592 3631 63,
611 3577 633 3624 6.
652 3577 793 3626 Praesertim
810 3578 959 3626 consulatum
976 3577 1074 3640 adipisci
1092 3574 1184 3624 homini
1203 3589 1264 3621 novo
1282 3569 1422 3633 perdifficile

255 3659 311 3704 erat.
329 3657 366 3704 Cf.
384 3657 441 3706 Sall.
460 3657 517 3706 ibid.
536 3662 546 3719 §
565 3658 595 3709 7:
615 3660 712 3722 „Novus
729 3677 796 3708 nemo
813 3667 861 3709 tam
879 3660 956 3708 clarus
969 3675 1045 3722 neque
1054 3663 1102 3706 tam
1111 3656 1211 3720 egregiis
1219 3653 1288 3702 factis
1296 3657 1352 3711 erat,
1361 3653 1421 3716 quin

257 3739 277 3786 is
303 3739 415 3803 indignus
432 3740 476 3788 illo
493 3741 580 3790 honore
597 3745 621 3790 et
639 3743 705 3805 quasi
723 3742 829 3806 pollutus
846 3741 995 3792 baberetur.''
1022 3740 1071 3789 Cic.
1098 3735 1420 3802 De1.eg.egr.11‚l‚3=

258 3821 315 3887 „Me
331 3821 442 3887 perlongo
460 3823 588 3872 intervallo
605 3840 679 3888 prope
695 3828 822 3874 memoriae
838 3830 1018 3890 temporumque
1035 3827 1170 3872 nostrorum
1186 3821 1293 3885 primum
1301 3819 1423 3867 bominem

259 3919 347 3952 novum
365 3905 484 3953 muralem
502 3906 591 3954 fecistis
608 3909 701 3956 etcum
719 3907 805 3967 locum,
823 3924 893 3972 quem
910 3907 1023 3956 nobilitas
1040 3907 1161 3954 firmatum
1177 3908 1247 3966 atque
1258 3902 1322 3954 omni
1333 3901 1423 3950 ratione

255 3985 392 4035 obvelatum
418 3987 517 4046 tenebat,
544 4004 581 4037 me
607 3989 665 4037 duce
692 3990 821 4038 rescidistis
846 3991 978 4053 virtutique
1003 3990 1029 4037 in
1055 3991 1175 4052 posterum
1193 3989 1271 4049 patere
1289 3983 1422 4032 voluistis.'’

255 4069 291 4118 Id.
319 4069 366 4118 Pro
391 4069 455 4118 Mur.
482 4071 505 4128 8,
533 4070 579 4124 17:
608 4072 685 4136 „Cum
709 4089 764 4121 varo
790 4090 831 4137 ego
865 4077 931 4122 tento
957 4070 1083 4120 intervallo
1109 4069 1211 4118 claustra
1227 4069 1273 4117 ista
1289 4066 1421 4118 nobilitatis

256 4151 408 4216 redegissem,
434 4155 461 4202 ut
485 4152 562 4204 aditus
584 4155 613 4204 ed
629 4155 778 4206 consulatum
798 4156 899 4221 posthac,
918 4157 978 4204 sicut
995 4154 1058 4219 apud
1076 4153 1175 4202 maiores
1192 4155 1284 4201 nostros
1300 4151 1354 4208 fuit,
1372 4167 1420 4198 nou

255 4235 329 4301 magis
346 4233 466 4286 nobilitat
485 4251 556 4302 qaam
575 4236 657 4288 virtuti
675 4241 763 4302 peteret
782 4275 787 4286 .
807 4278 811 4286 .
833 4278 836 4286 .
857 4239 878 4286 .‘'
