3296 5008
766 551 829 617 277

206 728 360 816 pecuniis
394 749 464 796 non
498 729 624 813 urgeri,
660 749 848 816 pauperem
884 728 1024 817 quidem
1054 750 1134 810 esse,
1158 730 1277 796 sedin
1302 753 1379 798 aere
1408 723 1410 728 ’

208 841 319 908 alieno
348 863 418 908 non
440 841 577 910 versari.

250 954 301 1022 Id.
326 955 390 1042 Ep.
413 955 441 1038 I,
468 956 497 1037 1,
522 956 564 1020 45
593 975 685 1042 seq:

297 1068 468 1156 „Impiger
491 1075 662 1135 extremos
685 1069 793 1135 eurris
817 1075 984 1136 mercator
1008 1069 1052 1136 ad
1075 1070 1191 1153 Indos,

293 1181 359 1248 Per
382 1203 475 1248 mare
499 1182 701 1270 pauperiem
724 1183 869 1268 fugiens,
893 1204 954 1270 per
977 1205 1070 1264 saxa,
1096 1206 1158 1271 per
1181 1185 1309 1270 ignes''

206 1293 358 1361 Stultum
391 1316 462 1362 esse
491 1295 669 1380 signifieat,
695 1296 755 1384 qui
778 1318 812 1362 se
837 1295 962 1363 obiciat
990 1297 1181 1364 innumeris
1207 1300 1378 1386 periculis,

205 1413 244 1474 ut
266 1415 501 1496 paupertatem
526 1410 601 1496 (per
623 1430 657 1475 se
682 1410 824 1475 minime
847 1409 992 1496 malum)
1015 1410 1134 1496 fugiat.

250 1521 302 1587 Id.
329 1522 444 1589 Garm'
466 1523 494 1605 I,
520 1525 551 1605 1,
577 1523 642 1590 18:

620 1637 723 1717 „Mox
745 1637 854 1704 reficit
873 1644 962 1705 rates

294 1749 451 1832 Quassas,
475 1749 632 1816 indocilis
655 1751 857 1838 pauperiem
880 1751 984 1839 pati.''

205 1863 375 1950 Loquitur
408 1862 450 1929 de
485 1869 671 1930 mercatore
706 1864 808 1951 paulo
843 1872 922 1932 ante
947 1871 1166 1954 tempestates
1191 1876 1374 1938 metuente.

250 1977 338 2042 Ibid.
362 1977 426 2058 ΙΙΙ,
451 1977 503 2058 29,
528 1978 570 2042 53
594 1997 710 2064 seqq.:

453 2091 652 2178 „fflortunat
675 2091 702 2156 si
725 2091 843 2157 celeris
867 2093 978 2179 quatit

295 2204 433 2286 Pinnas,
458 2205 593 2290 resigno
617 2225 704 2292 quae
728 2205 822 2271 dedit
844 2213 878 2271 et
900 2228 977 2273 mea

355 2318 491 2386 Virtute
515 2339 571 2384 me
598 2318 740 2384 inuoluo
764 2319 977 2408 probamque

389 2433 595 2520 Pauperiem
618 2433 690 2499 sine
714 2433 791 2499 dote
816 2433 974 2520 quaero.''

251 2546 355 2630 Verg.
378 2547 464 2612 Aen.
490 2546 585 2628 VIII,
608 2548 673 2612 359
696 2567 811 2634 seqq.:

298 2659 458 2740 „Talibus
480 2660 569 2726 inter
592 2681 625 2726 se
649 2661 749 2727 dietis
768 2661 811 2726 ad
835 2667 922 2728 tecta
946 2661 1107 2730 subibant

340 2773 505 2860 Pauperis
528 2774 682 2839 Euandri
707 2774 903 2861 passimque
927 2785 1082 2842 armenta
1107 2778 1271 2846 videbant

296 2887 523 2973 Romanoque
546 2888 618 2954 foro
642 2895 676 2954 et
698 2888 800 2954 lautis
823 2889 957 2974 mugire
981 2891 1145 2959 Carinis.'’

208 3001 314 3068 Ouius
351 3002 478 3089 passim
509 3009 665 3068 armenta
698 3003 865 3087 mugiant,
901 3004 974 3070 eius
1008 3006 1158 3091 profesto
1193 2987 1376 3095 paupertas

207 3135 278 3182 non
301 3123 351 3182 est
373 3115 598 3184 intoleranda.

251 3230 326 3296 Tib.
349 3231 377 3312 Ι,
404 3231 722 3316 1,51111].;25;Δ
781 3217 782 3221 ¹

270 3346 272 3350 ’
299 3344 374 3424 „Me
397 3365 475 3410 mea
499 3351 682 3430 paupertas
706 3344 776 3408 vita
799 3345 957 3410 traducat
980 3345 1092 3428 inerti,

340 3458 432 3522 Dum
457 3479 554 3523 meus
578 3457 720 3523 adsiduo
742 3457 854 3524 luceat
877 3459 957 3543 igne
980 3459 1085 3526 focus.

294 3572 370 3636 Iam
395 3571 492 3649 mihi,
516 3573 586 3636 iam
609 3571 734 3658 possim
759 3579 940 3638 contentus
964 3573 1077 3640 vivere
1102 3575 1239 3660 parvo.”

248 3685 300 3751 Id.
323 3684 388 3767 III,
413 3686 444 3766 3,
471 3686 513 3750 23
538 3706 628 3772 seq:

297 3799 367 3879 „Sit
391 3799 477 3864 mihi
501 3807 685 3886 paupertas
708 3806 822 3866 tecum
845 3800 1006 3881 iucunda,
1031 3801 1183 3868 Neaera:

338 3913 385 3977 At
419 3913 546 3978 sinete
582 3934 702 3996 regum
727 3935 872 3979 munera
895 3913 991 3978 uuila
1014 3913 1124 3980 volo.'’

248 4025 336 4092 Ibid.
361 4048 410 4094 vs.
438 4028 479 4092 29
503 4048 597 4114 seqq.

296 4139 390 4220 „Neo
415 4162 469 4206 me
493 4161 600 4226 regna
622 4141 747 4212 iuvant
768 4163 831 4208 neo
853 4141 985 4228 Lydius
1007 4142 1134 4208 aurifer
1156 4143 1268 4210 amuis

339 4255 521 4342 Neo'quas
544 4261 713 4359 terrarum
736 4256 880 4322 sustinet
902 4254 994 4322 orbis
1016 4277 1106 4345 opes
