3226 4998
744 463 789 538 39,

182 636 344 718 solebant,
379 637 427 702 ita
460 645 499 702 ut
533 639 634 704 multi
656 661 738 704 mox
765 641 968 728 „multiplici
991 644 1061 707 iam
1084 647 1171 708 sorte
1197 642 1353 707 exsoluta

181 742 414 826 mergentibus
430 764 563 828 semper
575 750 700 809 sortem
713 745 824 810 usuris
837 745 976 835 obrut(i)
989 748 1125 812 faenore
1138 746 1309 832 esse(nt).’⁷
1326 745 1351 833 ¹)

181 855 217 921 Si
242 856 327 921 lenti
349 856 549 922 infitiatores
572 865 669 922 erant
691 879 735 922 ex
758 880 862 924 usura
886 882 956 925 sors
980 859 1083 925 fiebat
1107 857 1132 946 2)
1156 859 1352 924 velversu-

182 991 257 1034 ram
290 970 400 1036 facere
421 969 639 1056 cogebantur.
666 969 691 1058 8)
716 970 776 1037 Sin
800 973 942 1038 omnino
966 995 1036 1038 nou
1060 977 1156 1038 erant
1189 971 1351 1038 solvendo

183 1103 288 1169 quam
331 1090 447 1169 aspere
483 1089 719 1167 tractarentur,
757 1107 774 1151 e
810 1087 947 1153 Liviani
983 1086 1192 1152 centurionis
1227 1085 1350 1164 verbis,

181 1196 282 1262 modo
330 1218 350 1262 a
385 1219 439 1262 me
474 1197 632 1278 laudatis,
669 1206 820 1286 apparet.
867 1201 963 1278 Quae
997 1199 1179 1265 duodecim
1214 1197 1351 1263 tabulae

183 1316 371 1376 sanxerunt
405 1311 446 1376 de
484 1312 646 1390 „confessi
681 1313 767 1378 aeris
801 1335 839 1378 ac
875 1313 981 1378 debiti
1014 1312 1191 1378 iudicatis'
1221 1311 1351 1376 Gellius

183 1422 303 1488 litteris
336 1424 538 1491 custodivit:
577 1425 650 1506 „Sic
686 1427 779 1491 enim
814 1434 902 1508 sunt,
939 1427 1069 1512 opinor,
1105 1424 1211 1491 verba
1244 1424 1349 1509 legis:

183 1537 326 1602 Aeris
386 1540 605 1604 confessi
656 1533 907 1626 reb'usque
954 1541 1059 1604 iure
1105 1538 1351 1603 iudicatis

183 1651 401 1735 triginta
463 1652 566 1717 dies
616 1653 740 1718 iusti
787 1660 942 1719 sunto.
1011 1654 1126 1718 Post
1171 1651 1349 1716 deinde

183 1786 351 1829 manus
385 1765 598 1830 iniectio
641 1773 753 1864 estp,
796 1767 846 1832 in
884 1767 1163 1831 iusducit0.
1211 1765 1351 1830 Niiu·

183 1877 400 1942 dicatum
445 1879 568 1942 facit
614 1885 695 1943 aut
741 1880 849 1965 quis
894 1879 1014 1944 endo
1061 1900 1111 1944 eo
1156 1879 1205 1942 in
1242 1878 1348 1942 iure

137 2069 139 2073 ι
183 1990 411 2070 vindicit,
459 2012 619 2056 secum
660 1992 844 2072 ducite,
893 1993 1086 2058 vincito
1132 1997 1219 2056 aut
1253 2011 1350 2056 ner·

184 2125 237 2168 vo
299 2111 380 2168 aut
448 2105 777 2190 compedibus,
847 2105 1143 2184 Quindecim
1191 2105 1348 2191 pondo

184 2239 236 2280 ne
272 2217 457 2282 minore
493 2225 574 2282 aut
608 2219 646 2284 si
681 2209 1024 2284 voletmaiore
1049 2218 1254 2284 vincito.
1302 2217 1349 2282 Si

184 2329 318 2395 volet
364 2351 446 2396 suo
491 2331 664 2397 vivito.
712 2333 768 2398 Ni
814 2354 896 2397 suo
942 2333 1081 2412 vivit,
1130 2331 1349 2417 quicum

184 2443 405 2508 vinctum
451 2443 666 2526 habebit,
709 2445 867 2510 libras
901 2446 1056 2511 farris
1090 2445 1210 2510 endo
1245 2444 1348 2509 dics

183 2557 302 2622 date.
349 2556 396 2622 Si
430 2557 565 2624 volet
599 2559 710 2644 plus
745 2559 866 2624 dato.
902 2559 986 2624 Erat
1009 2565 1125 2623 autem
1148 2557 1348 2622 iusinterea

181 2670 374 2757 paciscendi
397 2692 445 2752 ac,
470 2672 535 2736 nisi
558 2679 657 2758 pacta
680 2673 799 2754 forent,
824 2672 1040 2738 habebantur
1062 2672 1099 2736 in
1116 2670 1263 2737 vinculis
1275 2670 1346 2736 dies
1371 2699 1374 2703 ·

180 2784 366 2870 sexaginta.
412 2785 507 2850 lnter
530 2808 586 2851 cos
610 2786 681 2852 dies
703 2787 801 2851 trinis
824 2786 988 2852 nundinis
1012 2785 1183 2851 continuis
1197 2784 1240 2849 ad
1252 2805 1347 2870 prae·

179 2903 288 2963 torem
326 2898 363 2962 in
394 2899 572 2964 comitium
606 2900 891 2985 producebantur,
928 2905 1145 2986 quantaeque
1181 2898 1345 2984 pecuniae

176 3010 318 3076 iudicati
352 3019 470 3093 essent,
507 3013 775 3098 praedicabatur.
822 3013 944 3078 Tertiis
969 3019 1085 3078 autem
1108 3011 1272 3076 nundinis
1295 3031 1347 3074 ca-

182 3125 250 3210 pite
275 3146 401 3211 poenas
424 3125 552 3191 dabant
575 3134 633 3191 aut
656 3133 749 3191 trans
772 3126 924 3192 Tiberim
947 3148 1087 3213 peregre
1098 3147 1228 3191 venum
1240 3124 1345 3189 ibant.

183 3238 249 3303 Sed
271 3259 348 3303 eam
371 3239 490 3324 capitis
513 3262 659 3325 poenam
683 3240 884 3305 sanciendae
908 3240 1006 3306 sicuti
1029 3239 1110 3320 dixi,
1136 3237 1215 3302 fidei
1238 3237 1347 3322 gratia

183 3352 378 3416 horrificam
411 3354 595 3418 atrocitatis
629 3360 763 3419 ostentu
799 3355 964 3439 novisque
987 3353 1172 3417 terroribus
1195 3359 1348 3417 metuen-

183 3465 263 3529 dam
286 3465 516 3533 reddiderunt.
564 3467 653 3530 Nam
684 3469 711 3532 si
734 3468 848 3552 plures
871 3468 989 3548 forent,
1016 3466 1140 3553 quibus
1163 3487 1240 3532 reus
1263 3472 1348 3529 esset

182 3578 359 3661 iudicatus,
384 3602 505 3662 secare,
531 3583 558 3646 si
582 3582 718 3662 vellent,
741 3587 843 3667 atque
867 3581 986 3667 partiri
1010 3602 1132 3666 corpus
1144 3579 1271 3644 addicti
1284 3578 1348 3642 sibi

113 3839 118 3850 ’
219 3848 234 3906 ¹)
252 3849 304 3897 Liv.
323 3849 364 3908 vl,
383 3850 422 3908 14,
440 3850 463 3902 7.

215 3931 235 3992 ²)
253 3931 289 3980 cf.
309 3932 422 3996 Schwegl.
441 3933 469 3980 R.
487 3932 515 3982 G.
534 3932 558 3980 II
576 3949 629 3996 pag.
648 3933 703 3980 214.

215 4013 234 4074 ³)
252 4015 321 4063 Paul.
340 4015 405 4064 Diae.
431 4032 482 4080 pag.
501 4015 565 4068 379:
586 4016 725 4079 „Versumm
739 4017 812 4064 secere
829 4020 936 4063 mutuam
946 4015 1068 4079 pecuniam
1079 4031 1170 4064 sumere
1187 4031 1249 4064 exeo
1259 4014 1349 4064 dictum

183 4101 224 4155 est,
250 4098 313 4162 quod
338 4098 408 4148 initio
426 4099 467 4162 qpi
485 4098 653 4150 mutuabantur
670 4099 698 4147 ab
716 4099 777 4157 aliis,
796 4115 843 4146 non
862 4103 888 4145 ut
905 4099 1000 4146 domum
1018 4099 1111 4156 ferrent,
1130 4098 1170 4146 sed
1187 4101 1213 4146 ut
1229 4097 1284 4146 aliis
1303 4097 1348 4146 sol-

183 4185 270 4237 verent,
288 4180 353 4229 velut
370 4185 485 4230 verterent
501 4182 662 4230 creditorem.''
