3296 5008
763 480 828 550 225

206 661 299 724 trum
333 659 486 746 praemia
518 681 580 746 pro
613 659 836 747 suscipiendis
870 659 1017 728 liberis.'’
1054 659 1080 749 ¹)
1125 659 1189 728 Illa
1221 661 1375 749 praemia

207 777 323 839 autem
346 772 562 839 donabantur
585 774 716 840 Romae
739 795 820 841 cum
843 779 923 854 tres,
948 775 984 840 in
997 774 1098 841 Italia
1110 796 1190 842 cum
1204 780 1375 862 quattuor,

208 886 245 952 in
278 886 463 972 provinciis
496 908 576 953 oum
611 888 765 975 quinque
789 887 889 954 liberi
913 888 1064 971 aderant,
1089 888 1180 955 unde
1205 888 1303 955 facile
1327 889 1379 954 in·

208 998 401 1086 tellegimus
438 1000 569 1067 Romae
604 1022 716 1068 mores
750 1001 850 1068 etiam
885 1001 994 1070 multo
1025 1002 1252 1089 corruptiores
1274 1002 1376 1070 fuisse

208 1135 314 1200 quam
346 1114 384 1180 in
417 1114 611 1201 provinciis.
635 1113 662 1202 ει)
708 1115 777 1195 Qui
813 1114 930 1182 multis
953 1114 1068 1182 liberis
1092 1116 1184 1182 aucti
1207 1121 1315 1197 erant,
1340 1116 1376 1182 in

208 1227 388 1313 congiariis
421 1249 568 1316 quoque,
603 1229 755 1316 itemque
789 1229 826 1294 in
862 1227 1046 1310 alimentis,
1082 1229 1184 1296 fuisse
1209 1229 1379 1317 praelatos

211 1341 276 1408 viri
298 1341 389 1408 docti
411 1341 528 1429 aliqua
550 1342 623 1410 veri
645 1342 749 1408 simili
772 1343 903 1409 ratione
926 1342 1110 1409 coniciunt.
1133 1341 1161 1429 8)

255 1456 282 1521 b.
327 1455 576 1549 biberale'tatcm,
615 1479 680 1544 quc
716 1457 753 1523 io
786 1479 889 1523 unum
923 1456 1007 1522 diem
1041 1457 1090 1523 cel
1124 1457 1162 1522 in
1190 1465 1381 1544 perpetuom

205 1569 293 1656 plebi
314 1569 541 1651 concedebatur,
565 1577 603 1636 ut
623 1571 691 1636 alec
709 1571 813 1657 pretio
836 1571 874 1636 t‘o
898 1570 1018 1637 taleas
1039 1571 1228 1637 moerentes.
1276 1571 1382 1640 Velut

211 1683 396 1768 Augustus,
421 1704 501 1749 cum
524 1684 560 1748 in
582 1683 726 1765 Galatia,
752 1683 947 1765 Germania,
972 1684 1142 1771 Hispania
1165 1685 1282 1751 omnia
1302 1707 1379 1752 con·

211 1797 381 1877 stituisset,
418 1819 509 1862 anno
541 1819 571 1862 a.
595 1781 681 1863 uso.
706 1798 770 1863 741
795 1799 838 1883 (a.
865 1797 944 1864 Chr.
969 1819 1002 1864 n.
1029 1799 1084 1885 13)
1110 1809 1164 1888 ητῇ
1188 1799 1214 1861 δ’
1240 1802 1382 1882 ὑστεραίᾳ

211 1912 240 1973 ’έν
274 1933 308 1972 τε
342 1920 385 1991 τῷ
419 1901 557 1991 παλνετὶῳ
591 1907 643 1974 riv
677 1915 770 1990 δῆμον
805 1915 978 1993 ἠσπάσατο,
1014 1915 1062 1976 καὶ
1084 1912 1113 1984 ἐς
1135 1912 1172 1974 τὸ
1195 1915 1382 1975 Καπιτώλιον

211 2024 346 2087 ἀνελθὼν
380 2032 434 2099 τήν
468 2047 502 2086 τε
537 2028 645 2108 δάφνην
679 2025 738 2087 ἀπὸ
761 2035 820 2087 τῶν
843 2023 974 2103 ῥάβδων
998 2034 1121 2104 περιεῖλε
1144 2029 1193 2090 καὶ
1216 2026 1245 2099 ἐς
1267 2027 1307 2088 τὰ
1331 2036 1383 2089 τοῦ

212 2139 284 2211 Διὸς
317 2143 433 2218 γόνατα
466 2140 627 2215 κατέθετο,
662 2148 705 2219 τῷ
742 2161 776 2201 τε
811 2141 895 2219 δήμῳ
930 2152 1035 2216 προῖκα
1069 2144 1108 2202 τά
1143 2163 1177 2201 τε
1200 2141 1310 2218 λουτρὰ
1333 2143 1381 2204 καὶ

211 2251 279 2325 τοὺς
312 2254 431 2331 κουρέας
463 2254 517 2325 τὴν
539 2253 651 2331 ἡμέραν
678 2252 784 2327 ἐκείνην
811 2253 980 2338 παρέσχε.”
1006 2254 1032 2340 4)
1078 2252 1275 2319 Antoninus
1298 2254 1381 2320 Pius

212 2369 327 2433 autern
368 2365 560 2448 ,balneum,
597 2388 665 2454 quc
700 2388 781 2432 usus
815 2367 941 2448 fuisset,
977 2367 1050 2432 sine
1074 2367 1229 2434 mercede
1254 2367 1380 2454 populo

211 2480 453 2567 exhibui(sse)''
490 2481 606 2547 fertur.
644 2483 667 2567 ὅ)
714 2480 903 2567 Municipia
939 2479 1069 2546 Romae
1105 2502 1175 2546 non
1203 2479 1379 2563 cedebant,

212 2601 251 2660 ut
286 2594 410 2681 quibus
444 2616 524 2661 cum
558 2595 780 2682 imperatores
803 2594 829 2682 6)
857 2601 931 2660 tum
955 2595 1108 2681 ipsorum
1131 2594 1331 2660 decuriones
1352 2593 1379 2681 7)

211 2731 457 2796 saepenumero
491 2707 629 2774 balneas
663 2707 895 2793 gratuitasque
930 2708 1118 2775 lavationes
1150 2708 1280 2775 dedisse
1304 2729 1381 2774 con·

211 2828 285 2890 stet.
310 2823 336 2910 8)

213 2968 404 2978 --.-

247 3041 267 3104 1)
301 3043 385 3093 Isidor.
403 3043 483 3108 Origg.
502 3043 530 3102 V,
550 3044 587 3101 15,
606 3043 628 3092 1.

246 3127 265 3188 1)
299 3128 335 3176 De
359 3127 410 3176 iure
439 3127 568 3175 liberorum
594 3127 656 3191 quod
681 3126 768 3175 dicitur
784 3126 939 3191 praemiisque
956 3128 1050 3189 petrum
1068 3127 1096 3174 cl.
1115 3126 1177 3174 inter
1193 3124 1252 3174 alios
1270 3125 1381 3174 Momms.

212 3211 266 3259 8111Ί
293 3211 379 3274 passim
402 3210 465 3271 (vide
482 3210 588 3258 Indicam
606 3227 624 3258 s.
643 3226 666 3258 v.
683 3210 743 3258 nee·
761 3209 813 3258 und
829 3208 1087 3273 Kinderprieileyien);
1106 3209 1181 3272 Marq.
1200 3207 1311 3256 Privati*
1329 3223 1381 3270 pag.

118 3300 123 3310 ¹
213 3294 245 3346 74
262 3309 342 3357 seqq.;
360 3293 396 3342 ld.
414 3293 469 3343 StV.
488 3293 526 3341 Il²
546 3310 597 3357 pag.
617 3293 673 3342 142.

245 3376 265 3438 ³)
299 3376 337 3424 Cf.
354 3376 466 3426 Momms.
485 3378 552 3425 Rem.
570 3376 635 3425 Trib.
653 3392 698 3440 pag
724 3375 772 3423 143
789 3376 843 3444 adn.
861 3376 892 3423 46
902 3395 908 3433 3
927 3375 1033 3424 Hirschl.
1050 3375 1075 3422 in
1094 3373 1182 3423 Philol.
1200 3373 1278 3422 XXIX
1290 3373 1382 3435 (1870),

211 3476 263 3524 pag.
282 3461 297 3508 8
314 3461 368 3510 adn.
388 3461 426 3520 11,
445 3461 486 3509 ubi
504 3459 547 3509 ille
564 3460 657 3524 colligit
669 3477 682 3508 e
693 3459 764 3508 Dion.
774 3459 838 3508 Cass.
848 3458 897 3516 LX,
908 3459 948 3517 25,
958 3458 972 3510 7
984 3458 1046 3522 [lege
1057 3478 1061 3506 :
1073 3458 1099 3522 6]
1110 3458 1172 3506 inter
1182 3474 1227 3515 ece,
1238 3457 1278 3521 qui
1288 3473 1301 3505 e
1311 3456 1382 3505 Clau·

211 3543 251 3593 dio
268 3544 415 3608 congiarium
432 3545 571 3608 acciperent,
591 3560 664 3592 unum
683 3543 791 3608 pluresve
808 3542 879 3591 luisse
896 3541 938 3606 qui
953 3541 990 3589 vel
999 3540 1148 3603 undeviginti
1159 3540 1246 3589 liberos
1255 3539 1381 3588 haberent!

245 3629 265 3689 ⁴)
298 3628 346 3676 Dio
363 3628 428 3677 Cass.
446 3627 507 3685 LIV,
526 3627 567 3686 25,
585 3629 609 3676 4.

249 3711 268 3772 ι)
302 3711 403 3777 Capitol.
420 3712 476 3760 ent.
495 3711 553 3759 Pius
571 3711 593 3767 7,
613 3711 635 3758 6.

245 3796 266 3857 ⁶)
299 3794 468 3860 Inscriptiones
492 3795 522 3843 ad
543 3795 697 3859 imperatores
715 3793 857 3858 pertinentes
874 3793 928 3842 vide
944 3792 1007 3856 apud
1024 3791 1149 3856 Ruggiero,
1167 3791 1219 3840 Diz.
1237 3791 1310 3855 epigr.
1329 3807 1347 3840 s.
1358 3807 1374 3840 v

212 3879 320 3929 balneum
337 3879 358 3941 (1
376 3895 428 3944 pag.
446 3879 511 3938 966).
546 3878 607 3926 Sunt
624 3877 651 3926 0.
672 3878 692 3925 I.
711 3877 737 3924 L.
756 3876 798 3932 IX,
819 3877 898 3934 16633
917 3876 997 3932 telo,
1016 3875 1058 3933 XI,
1077 3875 1141 3930 556;
1160 3873 1382 3934 tannecum,

214 3962 270 4015 107.
296 3962 387 4010 Omitto
404 3962 533 4028 Gruterum
551 3977 602 4025 pag.
623 3961 679 4019 178,
698 3961 720 4016 3,
739 3960 796 4024 quia
812 3959 852 4008 hic
869 3958 955 4008 titulus
972 3958 1035 4006 idem
1047 3960 1081 4006 est
1092 3960 1161 4021 alque
1171 3957 1198 4006 C.
1207 3957 1227 4006 I.
1237 3957 1263 4005 L.
1273 3958 1315 4016 XI,
1326 3959 1382 4007 556.

246 4061 265 4124 ²)
299 4061 326 4110 C.
345 4061 366 4110 1.
383 4061 410 4110 L.
428 4060 457 4118 V,
476 4060 524 4113 376
544 4044 617 4107 “dd-z
636 4058 794 4123 ,Decuriones
812 4058 909 4117 colonis,
928 4057 1020 4117 incolis,
1037 4056 1176 4122 peregrinis,
1194 4056 1301 4106 lavandis
1311 4057 1383 4121 gratis

212 4146 240 4195 de
257 4144 357 4210 pecunia
374 4142 470 4209 publica
488 4141 626 4194 dederunt.''

245 4226 265 4290 ⁸)
298 4226 386 4276 nien.
412 4225 564 4290 Sittengesch.
587 4225 659 4274 Rome
676 4224 725 4274 111ο
743 4239 795 4290 pag.
815 4224 879 4273 149:
899 4223 982 4289 ,Auch
999 4223 1025 4273 in
1042 4223 1087 4274 den
1105 4224 1236 4275 Provinaen
1253 4223 1382 4274 erkannten
