3274 4998
728 489 791 555 181

171 666 313 734 relatum
360 672 410 734 est
443 667 638 734 Adrianum
671 667 801 734 dedisse
835 667 869 732 X
882 695 935 749 00,
974 667 1192 735 Antoninum
1237 669 1341 736 Pium

171 799 262 862 noco,
291 780 450 847 Marcum
474 781 692 846 Antoninum
715 787 749 847 et
773 780 1003 847 Commodum
1027 803 1200 869 quemque
1224 801 1341 864 noccn,

170 893 299 961 Divum
332 893 498 961 Severum
522 913 605 974 0003
649 893 757 959 immo
781 894 1003 980 imperatores
1037 895 1238 962 inferiorum
1274 917 1343 963 sae·

169 1006 334 1089 culorum,
369 1013 409 1072 ut
443 1005 695 1073 Diocletianum
717 1014 751 1073 et
774 1007 1028 1073 Maximianum
1052 1008 1107 1075 vel
1131 1029 1230 1091 oona,
1256 1009 1342 1076 Con-

168 1121 332 1186 stantium
362 1125 396 1186 et
418 1119 622 1206 (Galerium)
646 1119 899 1186 Maximianum
925 1151 956 1192 00
969 1142 992 1186 D
1018 1122 1152 1189 -viritim
1176 1123 1341 1189 divisisse.

168 1235 263 1300 Haec
301 1233 480 1300 sufficient.
533 1234 612 1300 Non
641 1233 828 1320 indignum
862 1241 978 1302 tamen
1013 1241 1131 1302 notare
1168 1236 1342 1322 congiaria

168 1347 335 1434 paulatim
359 1347 543 1414 accrevisse
568 1353 602 1413 et
626 1347 772 1413 summis
795 1346 820 1434 ¹)
844 1335 878 1414 et
900 1370 1054 1418 numero.
1080 1347 1108 1436 ⁹)

190 1461 315 1527 ‘Initio
349 1466 438 1527 certe
473 1460 648 1546 congiaria
682 1467 780 1526 erant
815 1461 949 1548 privata
973 1462 1219 1544 munificentia,
1252 1483 1340 1550 quae

168 1573 285 1640 multis
310 1572 448 1640 valebat
471 1573 515 1639 ad
539 1595 660 1639 auram
684 1573 888 1661 popularem
908 1576 1125 1662 captandam,
1138 1576 1181 1642 ad
1194 1576 1341 1643 honores

168 1687 412 1774 adipiscendos,
448 1687 532 1753 item
566 1686 610 1752 ad
644 1693 759 1772 gratos
794 1709 828 1754 se
864 1687 1085 1774 praebendos,
1112 1710 1201 1780 ‘cum
1237 1689 1340 1756 alicui

168 1801 304 1867 muneri
338 1782 438 1867 erant
465 1800 637 1887 praefecti,
669 1822 750 1867 cum
773 1823 790 1867 e
815 1801 904 1868 bello
929 1802 1074 1869 victores
1098 1803 1279 1885 redierant,
1306 1810 1341 1870 et

169 1936 255 2002 quae
284 1921 365 1994 sunt
387 1914 522 1999 generis
544 1914 697 1981 eiusdem
720 1920 842 1981 cetera.
867 1912 892 2001 ³)
938 1916 1097 1982 Caesares
1121 1917 1337 2003 privatorum

169 2028 319 2114 vestigiis
349 2027 509 2094 institisse
533 2027 632 2094 facile
654 2027 897 2114 intellegimus,
921 2036 960 2094 ut
984 2029 1111 2116 quibus
1134 2030 1243 2117 plebis
1266 2031 1338 2097 ani·

168 2163 241 2208 mos
271 2141 336 2208 sibi
370 2141 550 2208 conciliare
586 2142 679 2209 cordi
714 2149 808 2208 esset.
855 2143 946 2208 Tum
981 2164 1062 2211 vero
1086 2145 1339 2230 congiariorum

166 2261 289 2322 natura
330 2255 456 2322 sensim
479 2261 529 2322 est
551 2255 753 2337 immutata;
778 2277 796 2322 e
820 2257 954 2343 privata
975 2257 1212 2324 munificentia
1236 2258 1358 2326 fiebat-

167 2368 305 2456 publica
339 2368 485 2455 largitio.
532 2369 706 2435 Nimirum
741 2375 887 2456 utraque
924 2369 1139 2458 aliquamdiu
1163 2371 1266 2438 simul
1287 2394 1339 2438 re·
1401 2412 1404 2417 ·

167 2483 348 2570 periuntur
381 2504 494 2570 neque
529 2504 663 2570 semper
697 2482 796 2549 facile
831 2490 882 2549 est
916 2483 960 2549 ad
984 2483 1244 2552 diiudicandum
1268 2488 1338 2553 utri

166 2597 284 2682 generi
313 2577 472 2681 vsingulae
507 2595 704 2682 largitiones
737 2596 1015 2664 adnumerandae
1050 2597 1128 2665 sint.
1175 2599 1335 2666 Oeterum

200 2786 220 2844 1)
254 2782 325 2848 Quod
350 2783 522 2848 quodammodo
548 2783 595 2832 iam
622 2799 634 2831 e
660 2782 820 2848 superioribus
846 2783 968 2848 intelleges
988 2783 1129 2849 planiusque
1146 2785 1246 2836 efficitur
1262 2803 1290 2836 ex
1307 2787 1338 2836 iis

165 2883 224 2932 quse
249 2884 262 2916 e
286 2866 461 2932 chronographo
487 2867 603 2930 congessit
628 2867 773 2931 Marquardt.
808 2867 844 2916 De
874 2867 946 2916 huius
964 2868 1064 2916 summis
1081 2868 1137 2917 haec
1155 2869 1252 2920 scribit:
1272 2873 1339 2936 „Ans

165 2951 244 3000 diesen
267 2949 355 2999 Zshlcn
377 2950 441 2998 kann
458 2965 513 2998 man
531 2965 591 2998 awar
607 2949 703 2998 auidis
719 2949 825 2999 absolute
842 2951 939 2999 Summe
955 2951 997 3000 der
1014 2951 1122 3016 Aasgabc
1140 2952 1225 3002 hainen
1244 2954 1338 3003 sichern

165 3034 261 3083 Schluss
278 3034 384 3092 macheu,
401 3034 431 3082 da
448 3033 489 3082 das
506 3033 667 3082 Verseiohniss
685 3033 760 3082 aeder
776 3049 834 3097 ganz
852 3033 996 3098 vollstr'tndig
1013 3035 1051 3094 ist,
1069 3036 1130 3084 noch
1148 3037 1186 3085 die
1203 3037 1339 3086 Geschenlre

164 3133 195 3166 sn
212 3116 353 3166 Naturalieu
370 3117 397 3165 in
414 3118 501 3165 Anasta
518 3115 605 3180 bringt,
623 3115 685 3164 wohl
702 3115 757 3164 aber
774 3116 812 3164 die
828 3133 907 3180 grosse
924 3117 1126 3166 Zunahmedieses
1134 3119 1338 3184 Ansgsbepostcns

165 3201 200 3249 im
225 3200 298 3248 Iaule
321 3200 363 3249 der
384 3199 513 3249 Kaiscrzeit
529 3199 654 3248 erkennen.
688 3199 720 3247 ns
737 3198 821 3264 betrug
838 3199 943 3250 ntimlich
961 3201 987 3249 in
1004 3201 1049 3250 den
1069 3201 1117 3248 100
1134 3201 1222 3250 Jahren
1240 3219 1287 3251 von
1305 3205 1337 3252 46

165 3300 189 3334 r.
215 3284 271 3333 Chr.
297 3283 334 3332 bis
358 3299 387 3332 su
413 3283 534 3332 Claudius'
561 3283 624 3332 Tode
648 3283 686 3331 die
714 3283 810 3331 Summe
837 3284 877 3332 der
894 3283 1035 3348 Congiarien
1055 3284 1221 3342 216,950‚000
1239 3286 1338 3346 Dauara,

165 3367 215 3416 also
240 3368 283 3416 aui
306 3368 346 3416 das
370 3367 430 3416 Jahr
454 3366 587 3424 altason
613 3367 704 3414 Denare
729 3367 870 3428 (1,800,000
898 3367 951 3427 Μ.),
978 3367 1004 3415 in
1030 3368 1076 3416 den
1103 3368 1150 3416 156
1175 3369 1263 3418 Jahren
1292 3386 1339 3419 von

166 3451 233 3499 Nero.
255 3450 292 3498 bis
317 3450 446 3515 Septimius
471 3450 576 3498 cherus’
606 3450 656 3498 Tod
683 3449 873 3508 1,269,500,000
899 3451 998 3508 Denare,
1024 3451 1074 3500 also
1091 3453 1134 3500 aui
1149 3452 1190 3501 das
1206 3453 1265 3502 Jahr
1281 3453 1340 3502 iiber

167 3535 182 3582 8
200 3533 266 3582 Mill.
285 3535 374 3582 Dcnare
390 3535 446 3582 oder
463 3534 478 3581 6
496 3533 561 3582 Mill.
579 3533 615 3582 M.
633 3533 682 3581 und
700 3533 762 3581 diosa
779 3533 920 3597 Stsigerung
936 3534 1028 3584 scheint
1045 3539 1122 3599 spdtsr
1141 3535 1340 3586 nochbedeutsnd

166 3631 335 3680 aagencmmen
361 3633 389 3665 zu
413 3617 497 3675 haben,
514 3632 583 3665 wcnn
600 3631 655 3664 man
672 3616 733 3665 anch
750 3617 788 3664 die
806 3616 996 3681 Verminderung
1013 3617 1053 3667 des
1068 3617 1175 3667 Werthes
1192 3618 1232 3667 des
1249 3619 1339 3668 Denars

166 3701 191 3750 in
209 3701 329 3765 Ansohlag
345 3701 450 3765 bringt.”
464 3701 552 3764 (Marq.
570 3701 586 3748 l.
606 3700 624 3749 l.
643 3717 695 3765 pag.
716 3701 763 3750 las
783 3704 841 3765 seq.)

200 3785 220 3844 ²)
253 3785 355 3848 Augusti
372 3789 450 3834 tamen
468 3784 630 3833 munificentia
647 3789 696 3833 erat
712 3784 774 3832 inter
790 3800 875 3849 paucas
892 3784 1054 3834 memorabilis

200 3867 220 3928 ³)
254 3867 332 3931 Quam
363 3867 463 3916 efficacia
488 3871 565 3916 essent
590 3867 620 3916 sd
645 3866 783 3931 popularem
808 3867 907 3930 gratiam
933 3867 1115 3927 conciliandam,
1141 3869 1188 3933 ipsi
1214 3869 1340 3934 scriptores

166 3955 289 4000 testamur.
323 3951 376 4000 Lis.
393 3951 515 4008 XXXVII,
534 3951 573 4007 57,
592 3950 622 3998 11
642 3951 670 3998 de
687 3950 730 3998 Μ’.
747 3949 826 3998 Acilio
843 3949 987 4000 Glabrione:
1006 3951 1052 4016 ,In
1069 3951 1133 4000 hunc
1151 3953 1260 4012 maxime,
1277 3953 1341 4016 qnod

166 4033 243 4083 multa
268 4034 386 4098 congiaria
411 4033 532 4092 habuerat,
549 4033 636 4097 quibus
658 4048 766 4098 magnam
784 4039 872 4098 partem
890 4033 1016 4082 hominum
1033 4034 1238 4100 obligantium
1256 4035 1340 4102 populi
1383 4049 1385 4053 ’

167 4133 192 4166 se
217 4117 372 4166 inclinabat?
407 4117 456 4165 Cic.
477 4116 541 4166 Phil.
560 4117 593 4174 ll,
611 4119 651 4174 45,
670 4116 718 4166 116
736 4117 765 4164 de
782 4116 903 4165 Antonio:
924 4117 1090 4181 „Muneribus
1107 4119 1268 4180 monimentis,
1286 4135 1340 4170 oon·

167 4201 257 4266 giariis,
275 4200 353 4266 epulis
372 4200 553 4250 multitudinem
571 4200 707 4266 imperitam
722 4199 873 4250 deleuerat?
1266 4215 1269 4220 ·
