3226 4998
932 452 950 514 4

357 628 459 695 modo
482 626 645 708 offendas,
668 632 786 692 tamen
808 663 853 677 -
875 625 1012 692 turbida
1034 633 1189 712 tempora
1212 626 1529 715 possidentiumque

357 740 574 828 expulsiones
593 738 728 825 excipio
752 739 1012 824 -agraria
1035 737 1175 805 consilia
1198 739 1270 804 sine
1282 739 1530 827 dubioaliqua-

356 861 457 920 tenus
478 853 640 920 salutarie
663 860 772 918 erant.
819 851 920 931 Quod
945 854 1035 917 idem
1060 852 1125 917 dici
1151 873 1219 917 non
1244 861 1353 938 potest
1370 853 1412 918 de
1427 855 1530 919 modo

358 967 528 1055 quoinde
559 989 580 1034 a
603 968 640 1034 Ο.
663 966 819 1033 Graccho
843 965 935 1031 urbis
959 966 1087 1032 Romae
1112 964 1232 1031 incolis
1255 988 1306 1031 res
1330 967 1374 1032 ad
1397 969 1532 1032 victum

358 1080 563 1148 necessariae
586 1079 890 1169 prospiciebantur.
915 1080 1116 1165 Antiquitas
1138 1101 1208 1144 non
1232 1080 1269 1144 in
1287 1080 1377 1146 fame
1390 1087 1531 1147 tantum

358 1202 391 1260 et
425 1195 539 1282 inopia
574 1195 787 1259 frumentum
811 1193 959 1259 Romam
982 1192 1248 1258 convehendum
1271 1200 1409 1259 senatus
1433 1217 1531 1260 cura-

357 1308 416 1388 vit,
452 1308 511 1373 sed
545 1315 709 1394 perpetua
744 1328 900 1372 annonae
933 1327 1014 1372 cura
1037 1306 1172 1392 publice
1197 1305 1315 1372 habita
1338 1329 1409 1373 esse
1435 1309 1531 1374 tide-

259 1432 262 1436 ’
356 1428 422 1486 tur.
468 1421 648 1486 Interdum
683 1420 808 1486 aediles
832 1421 966 1507 privato
990 1428 1130 1506 sumptu
1154 1441 1328 1486 amionam
1351 1420 1530 1488 levabant.

356 1533 411 1599 Ab
435 1534 494 1600 illa
516 1557 598 1600 cura
620 1542 738 1600 tamen
765 1533 915 1599 multum
938 1533 1052 1598 differt
1076 1534 1239 1598 frumenti
1262 1533 1407 1619 largiti0,
1438 1557 1530 1622 quae

356 1655 492 1714 auctore
523 1650 559 1713 Ο.
584 1648 739 1714 Graccho
766 1648 804 1712 in
827 1647 1113 1713 consuetudinem
1137 1648 1240 1712 venit.
1288 1646 1407 1712 Abeo
1432 1650 1532 1714 enim

356 1762 393 1826 in
405 1761 642 1827 Romanorum
657 1783 768 1827 mores
779 1761 961 1826 inductum
973 1768 1023 1825 cst
1036 1768 1073 1824 nt
1086 1759 1221 1847 publice
1235 1761 1345 1846 primo
1359 1782 1535 1848 perquam

356 1876 491 1960 exiguo,
527 1896 610 1940 mox
638 1873 802 1959 magnam
825 1882 958 1961 partem
984 1873 1079 1938 nullo
1103 1875 1212 1960 pretio
1235 1875 1454 1940 frumentum
1477 1897 1537 1940 ur·

356 1989 465 2055 banae
485 1988 578 2076 plebi
590 1987 860 2054 distribueretur.
907 1989 1003 2066 Quae
1019 1988 1353 2068 ,frumentationes'’,
1368 1995 1408 2052 ut
1423 1988 1536 2074 vulgo

357 2101 583 2189 appellantur,
620 2109 749 2187 quanta
783 2100 874 2166 mala
898 2100 1028 2165 Romae
1052 2101 1181 2186 totique
1206 2102 1274 2166 fere
1297 2100 1417 2166 ltaliae
1442 2108 1537 2167 attu-

357 2216 459 2282 lerint
481 2217 519 2280 in
542 2222 704 2302 promptu
728 2222 786 2295 est,
812 2236 917 2301 quare
942 2215 1118 2297 Augustus
1145 2215 1333 2300 ,impeturn
1352 2237 1385 2280 se
1399 2216 1534 2301 cepisse

358 2329 474 2396 scribit
493 2329 775 2394 frumentationes
799 2327 954 2414 publicas
980 2328 1017 2390 in
1034 2336 1239 2413 perpetuum
1252 2327 1420 2409 abolendi,
1434 2329 1536 2415 quod

358 2466 478 2509 earum
500 2443 626 2509 fiducia
649 2441 784 2507 cultura
808 2463 971 2526 agrorum
994 2447 1157 2506 cessaret:
1183 2463 1294 2527 neque
1318 2449 1435 2507 tamen
1455 2465 1537 2530 pcr-

358 2579 537 2638 severasse‚
574 2557 656 2643 quia
689 2562 822 2621 certum
859 2554 1001 2620 haberet
1036 2561 1112 2640 post
1146 2576 1180 2619 se
1216 2576 1277 2640 per
1304 2554 1537 2623 ambitionem

360 2671 566 2758 quandoque
590 2669 753 2735 restitui.'’
779 2667 805 2754 ¹)
828 2667 962 2733 Malum
985 2674 1058 2733 tam
1081 2667 1166 2733 altas
1189 2668 1318 2734 radices
1341 2675 1467 2754 egerat,
1493 2679 1538 2736 ut

361 2805 404 2849 ne
432 2783 686 2870 potentissimus
709 2780 851 2868 quidem
873 2781 931 2846 ille
955 2781 1114 2868 princeps
1131 2782 1168 2846 id
1180 2783 1367 2869 exstirpare
1380 2782 1537 2851 auderet.

361 2896 471 2963 Simul
495 2903 611 2961 autem
631 2896 774 2981 antiqua
803 2917 885 2960 cura
908 2915 1065 2959 annonae
1090 2896 1287 2981 permansit,
1314 2917 1401 2982 quae
1425 2897 1541 2984 impe-

362 3009 530 3076 ratoribus
564 3009 763 3095 praesertim
790 3007 1013 3093 regnantibus
1036 3009 1165 3073 mirum
1189 3016 1359 3096 quantum
1382 3009 1536 3078 valebat.

362 3125 450 3190 Cum
481 3124 618 3190 civitate
642 3122 883 3188 concertabant
904 3121 1039 3208 privati,
1065 3123 1124 3208 qui
1149 3123 1275 3209 partim
1300 3122 1540 3191 multitudinis

361 3238 523 3322 suffragia
557 3243 741 3323 captantes,
777 3237 903 3323 partim
933 3257 985 3301 res
1009 3257 1115 3302 novas
1135 3243 1333 3318 metuentes,
1359 3236 1536 3304 urbanam

361 3351 498 3439 plebem
520 3350 693 3415 beneficiis
716 3349 949 3415 cumulabant.
995 3349 1071 3413 lam
1094 3348 1308 3414 illustrantur
1326 3350 1536 3418 haecverba

361 3464 512 3532 Sallustii
547 3462 593 3550 2);
633 3463 826 3543 ,Iuventus
863 3485 950 3549 quae
985 3463 1023 3525 in
1057 3463 1146 3547 agris
1181 3485 1350 3528 manuum
1373 3466 1535 3532 mercede

361 3578 515 3664 inopiam
549 3575 761 3656 toleraverat,
798 3577 940 3662 privatis
975 3583 1077 3661 atque
1112 3575 1258 3662 publicis
1291 3576 1537 3661 largitionibus

361 3693 472 3758 excita
495 3690 668 3756 urbanum
692 3689 801 3754 otium
824 3689 958 3773 ingrato
981 3687 1089 3753 labori
1112 3689 1350 3775 praetulerat.''

406 3805 555 3870 Romani
578 3825 658 3869 cum
682 3801 786 3869 semel
809 3802 978 3889 populum
1001 3801 1126 3867 talibus
1145 3802 1384 3887 largitionibus
1396 3803 1537 3890 placare

394 4073 412 4135 ¹)
441 4074 505 4124 Suet.
524 4076 584 4138 Aug.
603 4073 636 4122 42
653 4073 707 4133 (Ed.
725 4073 805 4134 Roth).

397 4160 417 4224 ἲ)
443 4157 499 4207 Sall.
517 4157 587 4207 Catil.
606 4156 646 4214 87,
664 4155 687 4208 7.
