3296 5008
776 499 840 564 257

223 677 373 763 collegiis
396 700 416 744 a
436 677 589 765 patronis
611 677 730 745 aliisve
754 677 925 744 dabantur
948 677 1142 765 sepulturae
1165 677 1249 759 loca,
1272 698 1393 745 monu-

224 796 340 859 menta
362 793 544 879 variaeque
569 813 622 858 res
645 791 689 857 ad
712 791 924 878 sepulturam
948 792 1166 878 pertinentes,
1185 791 1303 880 quales
1316 798 1397 858 sunt

223 905 317 972 locus
341 906 501 987 ustrinae,
532 907 704 985 maceries,
728 901 861 993 puteus,
884 904 1018 971 labrum
1044 927 1124 972 oum
1148 906 1284 988 mensis,
1311 906 1396 991 vigi·

223 1019 297 1084 lum
319 1018 423 1100 locus,
447 1018 598 1101 taberna,
623 1019 796 1099 solarium,
823 1019 958 1085 similia.
984 1017 1011 1105 ¹)

265 1155 297 1218 p.
342 1132 459 1200 Primo
482 1139 571 1200 certe
595 1133 651 1199 vel
675 1133 823 1200 secundo
848 1155 880 1220 p.
906 1133 985 1199 Chr.
1010 1155 1043 1200 n.
1068 1132 1203 1200 saeculo
1220 1133 1397 1200 Romanos

223 1246 387 1333 dispicere
421 1247 570 1334 coepisse
607 1253 776 1334 quantum
809 1247 857 1313 rei
885 1246 1042 1333 publicae
1066 1247 1243 1314 interesset
1264 1246 1394 1334 ubique

223 1360 384 1426 constitui
407 1359 429 1426 b
441 1381 461 1426 o
473 1382 497 1425 n
509 1382 529 1426 o
542 1383 557 1426 s
590 1383 613 1447 p
626 1383 643 1426 r
655 1383 675 1426 a
687 1383 705 1427 e
718 1382 766 1428 ce
779 1367 956 1447 ptores,
986 1359 1012 1446 ³)
1036 1361 1159 1427 docent
1183 1360 1288 1426 Plinii
1313 1382 1394 1428 cum

224 1473 423 1561 exemplum
458 1480 533 1540 tum
567 1473 743 1561 epistulae.
797 1474 854 1540 Illi
889 1475 981 1540 enim
1018 1474 1207 1561 quaerenti,
1242 1495 1304 1541 cur
1334 1475 1395 1542 Oo-

224 1587 349 1654 mensis
383 1587 562 1654 cuiusdam
596 1587 687 1654 filius
719 1593 952 1675 praetextatus
986 1587 1182 1669 Mediolani,
1207 1610 1276 1654 non
1295 1588 1394 1655 (lomi

223 1701 383 1783 studeret,
418 1723 497 1768 cum
533 1702 760 1789 respondisset
795 1709 911 1789 pater:
948 1702 1060 1789 „‘quia
1083 1701 1195 1768 nullos
1219 1701 1275 1768 hic
1299 1723 1392 1788 prae·

223 1821 375 1903 ceptores
409 1814 607 1882 habemus”'
638 1853 683 1864 —
708 1816 852 1898 ,Quare
876 1815 989 1882 nullos
1001 1816 1037 1881 ‘l’'
1060 1815 1185 1904 inquit,
1213 1837 1314 1896 ,nam
1338 1838 1394 1883 ve·

223 1929 402 1996 hementer
436 1929 600 1996 intererat
633 1936 756 2006 vestra,
793 1930 853 2017 qui
884 1936 997 2017 patres
1020 1929 1119 2010 estis',
1144 1935 1178 1996 et
1201 1935 1392 2017 opportune

223 2041 404 2129 conplures
431 2049 545 2130 patres
566 2043 761 2124 audiebant,
785 2043 920 2110 ‘liberos
944 2049 1072 2110 vestros
1096 2043 1151 2109 hio
1176 2043 1392 2129 potissimum

224 2156 383 2222 discere·
421 2155 490 2225 Ubi
524 2158 618 2222 enirn
652 2164 712 2223 aut
746 2157 930 2224 iucundius
963 2145 1182 2224 'morarentur
1216 2178 1321 2244 quam
1355 2156 1393 2221 in

224 2271 335 2357 patria
369 2278 429 2336 aut
462 2271 621 2357 pudicius
644 2272 901 2338 continerentur
925 2293 1030 2358 quam
1054 2269 1117 2336 sub
1141 2269 1248 2336 oculis
1272 2291 1393 2356 paren·

224 2390 299 2450 tum
322 2391 382 2450 aut
405 2385 537 2450 minore
560 2391 701 2472 sumptu
725 2407 830 2473 quam
854 2385 974 2450 domi?
1021 2383 1237 2463 Quantulum
1250 2389 1300 2449 est
1312 2404 1392 2467 ergo

224 2495 345 2564 collata
380 2498 526 2584 pecunia
560 2499 750 2566 conducere
787 2504 1032 2585 praeceptores
1057 2497 1217 2584 quodque
1242 2497 1391 2562 nuncin

224 2611 460 2692 habitationes,
485 2612 520 2677 in
547 2612 679 2694 viatica,
705 2614 740 2677 in
765 2635 805 2678 ea
829 2634 916 2699 quae
941 2633 1080 2699 peregre
1098 2617 1261 2676 emuntur
1273 2611 1392 2696 inpen-

223 2725 303 2790 ditis
337 2725 468 2792 adicere
505 2726 744 2792 mercedibus?
791 2728 905 2812 Atque
941 2726 1025 2791 adeo
1053 2746 1126 2809 ege,
1151 2726 1211 2811 qui
1236 2725 1391 2790 nondum

222 2838 346 2905 liberos
380 2839 499 2919 lrabe0,
537 2847 674 2926 paratus
708 2862 784 2906 sum
821 2861 882 2926 pro
917 2861 952 2905 re
981 2838 1119 2925 publiea
1143 2845 1267 2915 nostra,
1293 2837 1390 2924 quasi

223 2973 284 3038 pro
319 2951 389 3019 filia
426 2951 480 3018 vel
516 2961 665 3038 parente,
702 2954 837 3018 tertiam
866 2959 999 3038 partem
1023 2953 1096 3018 eius
1120 2944 1211 3039 quod
1236 2951 1388 3018 conferre

222 3065 319 3132 vobis
342 3065 489 3153 placebit
512 3066 592 3132 dare
617 3117 789 3133 ......
814 3066 961 3132 Proinde
986 3069 1183 3146 consentite,
1199 3065 1390 3151 conspirate

220 3253 271 3301 pag.
287 3237 335 3289 373
353 3238 406 3286 adn.
426 3238 450 3298 6)
467 3238 567 3286 afferunt
584 3237 682 3286 titulum
701 3237 777 3286 Orelli
796 3238 861 3285 4404
879 3237 1010 3298 (Sassiam),
1020 3238 1062 3301 qni
1072 3237 1271 3286 hodieinvenitur
1279 3237 1349 3284 ctiam
1364 3235 1390 3282 in

221 3319 324 3383 Corpore
349 3320 535 3383 inscriptionum
562 3321 698 3368 Latinarum
725 3320 775 3381 (XI,
797 3321 820 3378 2,
838 3320 920 3378 6528).
955 3321 1117 3369 Titulus'est:
1134 3318 1389 3384 „..Hora[tius..l.]

220 3402 352 3466 Balb[usl]
373 3439 378 3451 .
399 3440 428 3452 ..
454 3403 615 3466 municipibus
641 3401 729 3467 [su]eis
754 3403 898 3467 incoleisqne
923 3404 997 3468 [lo]ca
1020 3403 1177 3467 sepultura[e]
1197 3406 1256 3463 sula)
1274 3401 1391 3464 p(ecuuia)

219 3485 265 3542 dat,
288 3495 353 3534 extra
375 3485 539 3550 au[ct]orateis
556 3491 579 3533 et
595 3485 649 3548 quei
667 3486 725 3533 eibei
744 3486 852 3550 [la]queo
871 3490 985 3548 manum)
1001 3485 1137 3534 attulissent
1153 3497 1176 3534 et
1195 3486 1250 3550 quei
1268 3490 1389 3549 quaestum

220 3584 330 3632 spurcum
356 3570 455 3632 professi
481 3575 565 3624 essent,
592 3568 706 3631 singuleis
732 3570 758 3617 in
783 3571 859 3617 fronte
882 3570 968 3633 p(edes)
989 3570 1017 3628 X,
1035 3570 1160 3632 inegram
1178 3569 1264 3632 p(edes)
1282 3568 1311 3624 X,
1329 3568 1391 3614 inter

220 3657 314 3716 pontem
331 3653 398 3717 Sapis
415 3657 437 3701 et
452 3653 552 3702 titulum
570 3653 713 3716 superiorem
731 3653 770 3716 qui
790 3660 825 3701 est
842 3654 867 3701 in
886 3655 932 3701 fine
949 3653 1103 3717 Fangoniani.
1123 3681 1154 3689 -
1172 3652 1303 3716 inquibus
1319 3650 1390 3699 looeis

220 3753 288 3784 nemo
314 3737 424 3785 humatus
449 3737 501 3794 crit,
527 3737 569 3800 qui
596 3736 665 3790 volet,
684 3736 742 3784 sibei
761 3737 844 3784 vivens
860 3742 1038 3785 mouumentum
1057 3737 1132 3785 faciet.
1168 3737 1197 3784 In
1214 3735 1301 3800 quibus
1319 3734 1390 3783 loccis

219 3819 310 3868 humati
337 3823 414 3876 eruut,
440 3821 461 3868 ei
487 3821 564 3881 d(um)
590 3823 678 3878 taxat),
696 3821 750 3883 quei
768 3820 879 3868 humatus
897 3821 949 3876 erit,
967 3820 1124 3884 postereisqne
1140 3820 1191 3867 eius
1209 3822 1389 3868 monumentum

219 3903 269 3951 lieri
286 3903 392 3951 licebit.”

254 3987 273 4046 ¹)
308 3986 343 4034 lle
360 3985 424 4034 hisce
440 3986 551 4034 omnibus
569 3987 599 4035 cl.
618 3986 736 4050 Waltzing
753 4003 774 4035 o.
792 3986 809 4035 l.
828 3987 839 4034 Ι
856 4002 901 4050 pag
927 3986 976 4038 474
993 4002 1056 4050 seqq.
1075 3988 1097 4034 et
1114 3985 1281 4049 inscriptiones
1292 3985 1326 4033 lv
1337 4001 1389 4049 pag.

220 4069 266 4117 661
285 4085 349 4133 seqq.
719 4111 721 4115 ,

252 4153 273 4211 ¹)
306 4151 336 4200 Iu
353 4152 450 4200 eandem
468 4153 515 4200 scre
531 4154 628 4200 aetatem
647 4151 732 4200 cadunt
749 4151 911 4200 immunitates
929 4150 984 4200 illae
1001 4151 1030 4200 ab
1042 4151 1223 4216 imperatoribus
1233 4149 1389 4216 philosophis,

218 4233 357 4292 rhetoribus,
374 4234 534 4301 grammaticis
551 4235 655 4294 donatae,
673 4233 806 4301 dequibus
824 4234 876 4282 vide
893 4250 945 4302 pag.
964 4233 1011 4284 226
1029 4250 1076 4301 req.
