3274 4998
718 493 782 560 115

206 671 355 738 Mirabili
388 669 520 758 ingenii
554 671 712 760 acumine
747 671 874 753 Cicero,
905 671 1095 738 officiorum
1118 671 1175 738 ille
1196 673 1331 764 confor-

164 792 280 868 mator,
305 787 497 870 dpctrinam
520 785 563 852 ad
587 809 688 851 usum
707 786 893 870 adiungere
906 791 1058 852 conatur.
1109 785 1329 866 ,inliberales

162 900 308 981 autem,''
343 899 466 988 inquit,
503 899 528 987 ¹)
566 907 619 981 „et
652 900 780 966 sordidi
815 905 975 986 quaestus
1013 899 1330 966 mercennariorum

161 1013 326 1094 omnium,
362 1034 510 1099 quorum
533 1034 665 1099 operae,
690 1035 761 1078 non
785 1034 933 1099 quorum
956 995 1045 1078 artes
1068 1018 1252 1095 emuntur;
1280 1018 1330 1079 est

162 1126 253 1192 enim
287 1125 325 1190 in
358 1125 427 1191 illis
455 1126 529 1213 ipsa
552 1148 681 1192 memes
704 1132 1003 1192 auctoramentum
1026 1126 1209 1193 servitutis.
1257 1125 1332 1192 Sor·

161 1240 231 1305 didi
268 1239 374 1304 etiam
409 1240 562 1326 putandi,
600 1237 659 1327 qui
693 1246 890 1306 mercantur
913 1262 933 1305 a
956 1239 1211 1322 mercatoribus
1241 1239 1335 1326 quod

160 1353 275 1419 statim
295 1352 471 1433 vendant;
497 1351 584 1418 nihil
607 1353 701 1419 enim
724 1353 913 1440 proficiant,
938 1353 1004 1418 nisi
1027 1353 1215 1419 admodum
1238 1373 1333 1418 men·

159 1468 289 1532 tiantur
301 1489 309 1548 ;
345 1488 409 1532 nec
442 1488 523 1532 vero
557 1473 608 1532 est
642 1467 830 1554 quicquam
857 1467 992 1554 turpius
1015 1467 1180 1534 vanitate.
1228 1449 1334 1554 Opifi-

160 1601 283 1668 cesque
319 1601 438 1646 omnes
471 1579 508 1644 in
542 1579 680 1646 sordida
715 1587 786 1646 arte
811 1586 1010 1661 versantur;
1036 1602 1100 1647 nec
1124 1580 1219 1647 enim
1243 1580 1336 1667 quic-

161 1716 266 1780 quam
289 1694 483 1779 ingenuum
505 1692 632 1759 habere
656 1698 767 1780 potest
790 1693 935 1759 officina.
953 1693 979 1781 2)
1013 1693 1226 1781 Minimeque
1247 1699 1336 1760 artes

158 1841 200 1890 boe
226 1842 400 1905 praescriptum
427 1841 545 1905 legimus:
565 1841 627 1905 „sed
644 1843 667 1889 et
684 1841 816 1904 pensiones,
834 1857 893 1904 quae
910 1857 937 1889 ex
951 1840 1108 1890 locationibus
1125 1841 1276 1905 praediorum
1294 1859 1335 1892 ur·

159 1923 273 1972 banorum
300 1928 422 1988 perceptae
443 1928 506 1981 sunt,
526 1924 629 1980 venient,
649 1923 706 1972 lieet
724 1940 737 1972 a
754 1923 880 1986 lupanario
897 1929 1019 1987 perceptae
1033 1925 1098 1982 sint3
1115 1941 1172 1973 uam
1189 1927 1213 1973 et
1230 1925 1256 1974 in
1273 1925 1337 1974 mul·

159 2011 235 2056 torum
263 2007 418 2055 honestorum
444 2008 552 2055 virorum
580 2007 683 2070 praediis
709 2005 833 2070 lupanaria
856 2007 1019 2056 exercentur.''
1055 2008 1092 2056 cf.
1114 2007 1186 2056 etiam
1204 2009 1258 2056 1111.
1277 2009 1333 2057 XIV

160 2091 207 2140 200
222 2107 296 2154 seqq„
315 2090 357 2139 ubi
375 2090 509 2156 „clamosus
526 2091 635 2139 iuvenem
654 2093 720 2154 pater
738 2089 854 2138 excitat’':

583 2173 669 2236 „Pares
687 2171 750 2236 quod
768 2172 868 2220 vendere
885 2172 961 2234 possis

411 2256 493 2306 Pluris
507 2256 615 2312 dimidio,
634 2272 677 2304 nec
694 2258 717 2303 te
736 2255 833 2303 fastidia
850 2255 938 2302 mercis

412 2339 495 2389 Ullius
512 2339 610 2388 subeant
627 2338 768 2401 ablegandae
785 2337 893 2386 Tiberim
911 2337 982 2394 ultra,

415 2423 468 2471 Neu
486 2423 566 2471 credes
583 2422 720 2486 ponendum
737 2420 831 2484 aliquid
847 2419 994 2468 discriminis
1011 2419 1075 2469 inter

415 2506 543 2568 Unguenta
559 2508 582 2554 et
599 2505 706 2561 corium;
722 2503 783 2552 lucri
800 2503 877 2551 bonus
895 2506 930 2551 est
946 2503 1003 2551 odor
1017 2519 1045 2550 ox
1063 2519 1087 2552 re

413 2587 533 2652 Qualibet.
551 2587 595 2636 illa
611 2590 653 2635 tuo
671 2587 788 2635 sententia
805 2602 897 2651 semper
914 2587 940 2634 in
957 2601 998 2634 ore

414 2671 525 2719 Versetur
541 2671 579 2719 die
595 2673 665 2734 atque
682 2669 734 2732 ipso
751 2669 809 2717 Iove
827 2670 900 2734 digna
917 2672 998 2734 poeta:

411 2753 497 2801 “Unde
514 2752 606 2808 habeas,
624 2752 716 2815 quaerit
733 2767 811 2810 nemo,
833 2753 873 2800 sed
890 2755 982 2816 oportet
999 2751 1108 2800 habere'’.

413 2835 463 2883 Hoc
480 2837 614 2884 monstrant
631 2833 724 2882 vetulae
742 2835 822 2898 pueris
840 2835 978 2899 repentibus
996 2850 1065 2893 assae,

414 2919 466 2966 Hoc
483 2918 579 2966 discunt
595 2933 676 2966 omnes
693 2919 748 2965 ante
764 2917 835 2980 alpha
851 2922 876 2966 et
892 2918 945 2966 beta
962 2917 1080 2982 puellae.”

196 3000 214 3062 ¹)
249 3001 594 3059 modularentur.

193 3085 214 3143 ²)
248 3085 352 3148 Operam
377 3087 536 3148 contemptam
561 3084 634 3131 fuisse
659 3083 707 3131 iam
733 3083 825 3147 saepius
852 3084 942 3132 monui.
970 3084 1007 3131 Cf.
1034 3099 1101 3147 pagg.
1128 3083 1151 3140 2,
1178 3084 1218 3141 32,
1236 3085 1277 3143 46,
1296 3085 1337 3134 64.

162 3167 242 3216 Huius
272 3167 306 3215 rei
333 3167 484 3230 praecipuam
510 3182 604 3214 causam
622 3165 693 3229 plane
709 3171 732 3215 et
749 3165 846 3214 omnino
864 3167 926 3229 quod
943 3166 1015 3213 sciam
1032 3182 1046 3214 a
1063 3166 1123 3214 viris
1141 3167 1216 3215 doctis
1233 3167 1339 3216 servitiis

161 3250 275 3314 assignari
301 3249 368 3298 solet.
404 3249 440 3298 sb
458 3249 488 3297 iis
505 3266 602 3313 prorsus
619 3249 728 3298 dissentit
745 3249 790 3296 Ed.
807 3249 897 3312 Meyer,
915 3249 982 3297 cuius
999 3249 1079 3312 opinio
1097 3249 1179 3312 utique
1196 3266 1337 3298 commemo·

161 3334 235 3381 rande
259 3333 321 3380 mihi
347 3333 450 3380 videtur.
485 3332 573 3380 Scribit
598 3332 663 3380 enirn
689 3331 855 3392 (Wirtschattl.
881 3330 1023 3378 Entwiclrel.
1050 3331 1073 3378 11.
1098 3330 1191 3390 alten,
1210 3349 1261 3396 pag.
1281 3334 1337 3394 34):

162 3416 223 3480 ,uie
248 3415 334 3463 soziele
350 3413 421 3463 Kluft
437 3415 551 3463 zwisehen
571 3415 616 3462 den
633 3413 835 3461 Grundbesitrern
854 3413 904 3460 und
922 3413 967 3460 den
985 3413 1150 3477 Angehiirigen
1167 3415 1209 3462 der
1225 3415 1336 3473 hbhrmn,

161 3499 202 3546 der
227 3503 387 3561 sogenannten
413 3499 488 3546 freien
508 3498 592 3546 Beruie
610 3498 659 3544 und
676 3497 722 3544 den
739 3495 904 3552 Subalternen,
922 3497 967 3543 den
985 3496 1171 3554 Handwerkern,
1189 3498 1234 3546 den
1252 3498 1336 3546 Arbei-

160 3584 213 3629 tem
243 3581 276 3628 ist
291 3597 366 3644 genau
385 3597 410 3629 so
426 3563 493 3644 grass
510 3581 555 3628 wie
571 3581 605 3628 im
624 3579 752 3636 hltertum,
770 3578 847 3626 einern
865 3579 992 3626 modemen
1007 3578 1134 3627 Gelehrten
1151 3580 1243 3627 seheint
1260 3597 1285 3628 es
1302 3581 1336 3629 im

160 3662 319 3726 allgemeinen
336 3663 421 3712 eberiso
439 3663 593 3712 unnatiirlich
602 3662 652 3710 und
661 3661 837 3724 degrediarend,
847 3662 899 3710 dass
909 3661 958 3710 sein
970 3661 1034 3709 Sohn
1045 3661 1206 3710 Handwerlrer
1215 3663 1283 3721 wird,
1292 3663 1337 3711 wie

160 3746 239 3794 ciuem
265 3745 371 3804 antilren‚
397 3747 438 3794 der
456 3747 591 3794 Karrsmann
608 3744 670 3794 sieht
687 3743 713 3792 in
731 3759 834 3792 unseren
851 3745 980 3792 modemen
997 3744 1199 3793 demokratischen
1218 3745 1336 3794 Handels-

144 3830 255 3878 'stadten
282 3829 327 3876 mit
352 3829 474 3877 derselben
502 3829 721 3892 Geringschitzuug
744 3827 787 3875 auf
813 3827 858 3875 den
885 3826 981 3876 kleiuen
1008 3827 1202 3877 Geschiftsmann
1220 3829 1270 3877 und
1291 3830 1336 3878 den

160 3921 262 3969 Krimer
290 3919 370 3977 herab,
398 3922 442 3968 uie
466 3921 492 3968 in
516 3921 594 3968 Athen
617 3921 658 3969 der
675 3908 803 3986 ’ἔμπορος
824 3923 867 3970 auf
882 3923 927 3970 den
944 3910 1091 3983 κάπηλος,
1111 3922 1162 3970 und
1178 3922 1223 3970 wie
1239 3922 1285 3970 tief
1299 3921 1337 3970 die

92 4047 103 4062 ,
160 4004 324 4066 Anachauung
340 4019 387 4051 von
405 4004 446 4051 der
465 4003 664 4053 Verwerflichlreit
681 4007 721 4054 des
739 4005 916 4070 Geldgeschbfts
933 4005 968 4053 1111
985 4004 1213 4054 Vollrsbewusstsein
1231 4004 1336 4064 wurmlt,

160 4087 224 4134 wird
248 4103 294 4134 uns
319 4085 344 4148 ja
360 4087 444 4150 gerade
461 4087 619 4150 gegenwiirtig
636 4089 711 4136 durch
729 4089 770 4136 des
787 4087 894 4150 stitudige
912 4088 1057 4136 Anwaohsen
1075 4089 1116 4136 der
1133 4088 1337 4137 antisemitischen

160 4170 295 4233 Bewegung
316 4154 430 4218 drastisoh
456 4185 499 4217 vor
527 4172 609 4233 Augen
636 4171 757 4234 gefiihrt.'’
792 4169 887 4218 Vitium
913 4173 947 4218 est
973 4171 1061 4234 ubique
1086 4172 1147 4234 quod
1174 4171 1279 4220 nimium
1294 4175 1336 4220 est.
1356 4185 1358 4190 ·

155 4253 248 4302 Nescio
265 4257 344 4302 tamen
361 4268 391 4300 an
410 4253 492 4316 Meyer
509 4253 549 4300 hic
565 4253 640 4316 magis
657 4257 735 4316 peccet
751 4269 822 4316 quam
840 4253 887 4301 viri
904 4253 968 4302 docti
986 4270 1044 4318 quos
1061 4255 1192 4318 impugnat.

1206 4337 1247 4402 8*
