3296 5008
715 535 779 602 233

162 708 245 799 pleti
269 712 479 799 praesertim,
504 712 563 779 sed
586 711 646 778 illa
668 711 793 781 lautior
816 736 856 781 ac
881 713 1092 802 splendidior
1114 722 1148 783 et
1166 717 1240 785 viro
1256 717 1335 784 forti

161 825 321 912 claroque
360 825 505 910 dignior.
552 825 773 914 Quamquam
801 827 954 893 enimin
979 834 1123 917 utroque
1147 830 1235 898 inest
1257 853 1332 916 gra·

162 939 315 1005 tificandi
350 938 500 1005 liberalis
521 939 690 1021 voluntas,
715 947 831 1007 tamen
855 940 961 1007 altera
984 964 1135 1026 errares,
1158 943 1267 1012 altera
1289 967 1334 1012 ex

160 1052 287 1119 virtute
321 1053 564 1139 depromitur.''
591 1050 616 1138 ¹)
662 1054 825 1120 Concedit
848 1061 964 1121 tamen
992 1078 1081 1136 „non
1104 1079 1332 1145 numquam.

159 1166 258 1252 estse)
303 1165 531 1251 largiendum,
578 1187 641 1232 neo
689 1167 754 1233 hoc
791 1166 1012 1253 benignitatis
1047 1191 1156 1256 genus
1190 1172 1331 1240 omnino

158 1279 412 1366 repudiandum
447 1280 545 1365 es(se)
579 1286 613 1346 et
630 1301 744 1367 saepe
768 1281 899 1347 idoneis
923 1282 1122 1350 hominibus
1145 1284 1331 1371 indigenti·

158 1393 222 1459 bus
268 1393 310 1460 de
349 1415 384 1460 re
419 1393 580 1459 familiari
614 1393 880 1481 inpediendum,
916 1396 975 1461 sed
1010 1395 1194 1482 diligenter
1226 1403 1329 1485 atque

157 1508 364 1574 moderate.''
404 1507 430 1594 ⁹)
476 1506 627 1574 Omnino
661 1507 729 1574 duo
764 1529 889 1594 genera
925 1509 1100 1595 largorum
1135 1511 1328 1597 distinguit,

159 1644 306 1710 quorum
341 1621 465 1689 alteros
490 1621 659 1709 prodigos,
685 1621 806 1688 alteros
832 1621 988 1690 liberales
1013 1645 1083 1691 esse
1110 1625 1201 1692 dicit.
1253 1626 1326 1707 „Li-

158 1736 287 1803 berales
321 1742 437 1802 autem
472 1736 587 1822 (sunt),
624 1735 683 1822 qui
717 1736 786 1801 suis
820 1736 1038 1803 facultatibus
1072 1744 1133 1804 aut
1167 1745 1326 1826 captosa

156 1849 386 1938 praedonibus
408 1849 584 1916 redimunt
606 1854 666 1914 aut
688 1870 745 1915 aes
768 1849 921 1916 alienum
933 1851 1124 1940 suscipiunt
1135 1853 1327 1920 amicorum

156 1971 216 2031 aut
244 1964 282 2029 in
305 1963 456 2029 filiarum
478 1961 699 2030 collocatione
723 1963 889 2030 adiuvant
911 1971 971 2030 aut
993 1965 1207 2052 opitulantur
1228 1967 1266 2032 in
1289 1989 1324 2034 re

156 2078 210 2146 vel
245 2077 442 2165 quaerenda
472 2077 524 2143 vel
549 2076 739 2162 augenda.''
764 2076 791 2162 ⁸)
841 2078 996 2165 Denique
1019 2079 1056 2144 in
1080 2078 1254 2146 beneficiis
1278 2080 1326 2147 lo·

154 2191 274 2259 caudis
307 2198 415 2258 certas
449 2175 615 2277 quasdam
649 2189 741 2275 leges
764 2191 892 2258 servari
915 2191 1019 2259 iubet.
1043 2193 1207 2277 Legimus
1231 2194 1325 2261 enim

153 2307 180 2389 Ι,
211 2307 263 2388 14,
287 2306 351 2371 42:
379 2305 598 2386 „Videndum
622 2311 672 2370 est
696 2355 714 2386 .,
739 2305 892 2391 primurn
916 2327 959 2371 ne
983 2305 1071 2372 obsit
1083 2305 1278 2392 benignitas
1288 2315 1322 2375 et

153 2421 194 2486 iis
227 2419 320 2508 ipsis
353 2419 479 2506 quibus
513 2417 660 2503 benigne
685 2418 857 2485 videbitur
880 2419 964 2500 fieri,
989 2424 1022 2486 et
1045 2421 1174 2503 ceteris,
1199 2421 1323 2488 deinde

153 2557 196 2602 ne
220 2534 330 2601 maior
352 2533 546 2619 benignitas
568 2532 611 2597 sit
634 2553 740 2618 quam
763 2532 951 2619 facultates,
976 2539 1051 2600 turn
1075 2540 1114 2600 ut
1136 2556 1199 2622 pro
1213 2535 1323 2621 digni·

154 2656 222 2715 tate
257 2648 381 2734 cuique
410 2646 600 2727 tribuatur;
624 2646 660 2712 id
682 2647 776 2712 enim
799 2654 850 2713 est
871 2647 1020 2714 iustitiae
1044 2648 1321 2731 tundamentum,

153 2763 197 2829 ad
232 2783 338 2848 quarn
372 2761 456 2826 haec
487 2759 665 2826 referenda
686 2767 767 2826 sunt
790 2761 938 2827 omnia.''
985 2761 1093 2827 Paulo
1117 2768 1193 2849 post
1216 2765 1233 2846 ξ
1257 2763 1321 2830 45;

155 2877 332 2958 „Tertium
366 2883 415 2941 est
449 2873 671 2961 propositum,
696 2875 795 2940 utin
819 2874 1046 2941 beneficentia
1070 2875 1214 2942 dilectus
1237 2882 1323 2942 esset

152 2990 351 3075 dignitatis;
381 2989 417 3054 in
443 3009 511 3076 quo
535 2995 569 3054 et
592 3009 703 3054 mores
726 2988 799 3054 eius
822 2995 924 3055 erunt
947 2989 1132 3075 spectandi,
1157 2990 1194 3055 in
1218 3011 1323 3076 quem

42 3129 46 3136 ·
153 3104 360 3171 beneficium
383 3103 607 3169 conseretur.''
654 3103 745 3168 Tum
766 3103 818 3184 15,
843 3105 907 3168 49:
931 3103 990 3183 „In
1008 3102 1206 3171 collocando
1223 3102 1324 3170 bene·

152 3219 230 3286 ficio
254 3225 288 3284 et
310 3219 347 3284 in
370 3217 548 3283 reserenda
570 3217 689 3303 gratia,
708 3217 736 3282 si
748 3202 860 3283 cetera
871 3217 967 3303 paria
979 3223 1067 3295 suut,
1082 3218 1146 3284 hoc
1159 3239 1322 3284 maxume

153 3333 256 3401 officii
280 3337 339 3413 est,
363 3331 570 3418 utquisque
595 3351 757 3396 maxume
782 3330 856 3416 opis
877 3330 1040 3415 indigeat,
1064 3331 1112 3396 ita
1135 3331 1167 3397 ei
1190 3331 1324 3418 potissi·

152 3470 252 3514 mum
282 3445 474 3533 opitulari.'’
521 3445 679 3531 Denique
714 3444 760 3525 ΙΙ,
798 3445 849 3525 18,
874 3445 927 3526 61,
950 3445 1013 3510 62:
1041 3444 1102 3526 „In
1124 3443 1183 3510 illo
1207 3450 1323 3511 autem

152 3561 259 3628 altero
284 3581 408 3645 genere
431 3557 609 3643 largiendi,
635 3557 726 3645 quod
750 3580 771 3623 a
789 3556 991 3625 liberalitate
1005 3558 1238 3644 proficiscitur,
1253 3580 1324 3625 non

152 3696 223 3740 uuo
248 3673 350 3740 modo
374 3673 411 3738 in
434 3672 628 3759 disparibus
647 3673 758 3738 causis
781 3672 906 3738 adfecti
928 3694 999 3739 esse
1025 3671 1198 3739 debemus.
1244 3671 1324 3738 Alia

152 3811 256 3856 causa
290 3794 340 3854 est
374 3788 456 3869 eius,
493 3787 551 3872 qui
587 3786 779 3853 calamitate
813 3787 991 3874 premitur,
1027 3792 1061 3852 et
1092 3787 1165 3852 eius
1188 3787 1249 3872 qui
1271 3807 1324 3852 res

155 3981 348 3995 *-

187 4119 208 4179 1)
244 4117 283 4177 15,
302 4117 341 4166 aa.
392 4094 394 4098 ’

186 4202 206 4263 ²)
240 4202 309 4263 5⁵4·

185 4284 206 4349 ⁸)
241 4284 339 4345 icta
