3206 5004
833 475 874 540 2⁴3

265 670 382 716 rarum
414 671 523 736 genus
557 651 731 718 habebant
765 651 913 719 Romani
936 649 969 738 ¹).
1018 651 1095 716 Duo
1127 649 1286 716 tribuum
1309 669 1446 734 genera

265 769 372 845 arant,
396 765 539 830 rusticae
563 773 597 831 et
620 764 791 832 urbanae:
817 787 860 832 ox
882 765 948 830 illis
978 765 1014 830 in
1028 765 1089 830 lias
1102 763 1278 830 transferri
1290 761 1444 848 ignomi-

267 877 325 942 nia
359 883 431 943 erat
460 875 497 964 ⁹).
544 879 695 946 Nomina
730 880 1004 966 cognominaque
1040 879 1278 946 Romanorum
1301 875 1442 963 saepius

268 990 373 1077 petita
408 997 488 1058 sunt
521 991 564 1058 ab
599 1013 699 1080 opere
735 994 859 1060 rustico
896 990 922 1080 ⁸)
946 992 1001 1060 vel
1025 1014 1045 1058 a
1068 992 1258 1080 pecudibus
1281 989 1317 1077 4).
1364 989 1440 1076 Ipsi

220 1154 231 1168 .
268 1103 411 1191 antiqui,
455 1107 591 1191 perarma
628 1113 662 1172 at
696 1107 859 1192 peculiam
900 1105 1066 1172 voeabula
1093 1128 1114 1172 a
1140 1127 1246 1194 pecore
1280 1103 1441 1170 derivan-

268 1223 327 1298 teS,
370 1217 490 1284 dicunt
535 1219 633 1285 initio
675 1241 755 1306 opes
794 1220 919 1306 positas
959 1220 1060 1285 fuisso
1105 1219 1142 1284 in
1188 1241 1224 1285 ro
1265 1216 1437 1305 pecuaria.

268 1331 378 1397 Varro
413 1330 439 1417 ⁶)
474 1332 512 1397 L.
536 1331 574 1398 L.
599 1331 642 1414 V,
669 1334 720 1414 19,
745 1333 808 1398 95:
837 1333 898 1413 ,In
921 1355 1041 1420 pecore
1066 1333 1212 1420 pecunia
1231 1339 1306 1398 tum
1330 1330 1440 1397 consi-

269 1443 378 1509 stebat
401 1443 623 1531 pastoribus.''
660 1446 728 1512 Cic.
753 1447 803 1512 De
828 1469 897 1533 rep.
921 1447 967 1528 ΙΙ,
992 1447 1103 1528 9,16:
1132 1447 1241 1526 ,Tum
1253 1449 1326 1510 crat
1336 1465 1388 1509 res
1400 1443 1438 1508 in

270 1577 389 1644 pecore
414 1565 447 1623 et
470 1557 623 1625 locorum
647 1559 921 1646 possessionibus
945 1582 989 1626 ex
1014 1581 1082 1647 quo
1104 1558 1279 1646 pecuniosi
1302 1557 1441 1624 stlocu-

269 1669 377 1756 pletes
410 1670 653 1738 vocabantur.''
701 1673 789 1739 Plin.
822 1674 863 1740 N.
889 1674 934 1739 H.
961 1673 1093 1755 XVIII,
1119 1675 1148 1754 3,
1175 1673 1237 1738 11;
1266 1671 1439 1752 „Pecunia

269 1783 343 1870 ipsa
380 1805 400 1850 a
431 1805 550 1871 pecore
575 1786 842 1873 appellabatur.''
879 1787 932 1852 Sic
965 1787 1108 1874 saepius.
1155 1785 1261 1852 Haud
1293 1805 1368 1850 raro
1391 1783 1440 1849 le·

269 1897 383 1982 gimus
415 1898 546 1966 nobiles
579 1901 753 1967 Romanos
787 1901 829 1967 ab
854 1908 965 1966 aratro
988 1901 1162 1966 arcessitos
1185 1922 1254 1965 osse
1280 1899 1323 1964 ad
1346 1919 1439 1963 sum-

269 2032 343 2076 mos
365 2012 512 2078 honores
534 2014 758 2101 accipiendos.
805 2016 963 2101 Ipsorum
987 2021 1068 2080 tuno
1086 2013 1439 2100 manibusimperato-

269 2145 347 2190 rum
374 2125 574 2193 colebantur
596 2129 679 2214 agri.
704 2127 730 2214 ⁶)
776 2129 844 2194 Hic
868 2129 991 2214 cuique
1016 2134 1093 2194 ante
1117 2127 1232 2193 oeulos
1255 2132 1437 2194 versantur

268 2239 450 2318 Quinctius
481 2241 713 2323 Cincinnatus
749 2243 855 2308 Gaius
889 2241 1074 2322 Fabricius,
1109 2241 1232 2306 Curius
1256 2239 1435 2319 Dentatus,

268 2352 394 2419 Atilius
424 2355 598 2436 Serranus,
623 2355 781 2422 Valerius
804 2356 943 2436 Corvus,
968 2354 1035 2436 alii,
1061 2375 1146 2440 quos
1169 2352 1329 2418 laudibus
1351 2352 1437 2418 cele-

268 2467 369 2533 brant
407 2469 604 2556 scriptores·
645 2469 909 2535 Fertilissimum
944 2469 980 2533 in
1015 2490 1096 2554 agro
1132 2467 1271 2533 oculum
1304 2466 1436 2532 domini

267 2603 338 2647 esse
362 2581 388 2669 ⁷)
411 2589 510 2649 vetus
533 2589 583 2648 est
606 2582 836 2670 proverbium,
853 2583 945 2669 quod
957 2605 1059 2648 suum
1072 2583 1227 2648 iecerunt
1238 2579 1372 2668 antiqui
1385 2579 1436 2644 illi

267 2696 433 2762 hominos
480 2697 574 2762 Patri
620 2696 767 2763 familias
805 2697 921 2761 omnia
956 2717 1104 2782 quornm
1138 2695 1307 2778 indigeret
1342 2693 1436 2758 domi

267 2809 504 2891 nascebantur,
540 2833 644 2898 quare
680 2810 812 2875 Plinius
846 2809 893 2897 ⁸):
945 2811 1122 2896 „Nequam
1157 2807 1342 2891 agricolam
1364 2829 1435 2874 esse

266 2957 358 3016 nostri),
393 2957 425 3004 ita
450 2956 583 3014 laudabant,
606 2956 694 3005 bonurn
717 2955 843 3020 agricolam
870 2955 1005 3019 bonumque
1033 2955 1151 3003 colonum.
1177 2954 1324 3018 amplissime
1343 2953 1433 3002 laudari

267 3039 442 3087 existimabatur
467 3039 508 3102 qui
527 3038 559 3087 ita
577 3037 738 3087 laudabatur.”
757 3067 788 3073 -
808 3038 878 3086 Varro
896 3038 923 3086 R.
942 3039 969 3085 R.
988 3037 1020 3096 II,
1038 3037 1108 3102 praef.
1129 3036 1158 3084 l:
1179 3036 1244 3100 „Viri
1263 3036 1340 3099 magni
1359 3037 1433 3084 nostri

266 3122 365 3170 maiores
391 3138 438 3169 non
465 3122 515 3170 elne
538 3137 606 3170 eausa
628 3121 798 3185 praeponebant
815 3121 914 3169 rusticos
931 3122 1047 3168 Romanos
1065 3119 1184 3167 urbanis.’'
1204 3147 1234 3154 -
1253 3117 1386 3166 Columella
1404 3119 1431 3167 R.

266 3204 296 3252 R.
322 3205 342 3262 I,
376 3205 447 3268 praef.
475 3204 517 3252 1οι
546 3205 677 3268 „Superest
697 3241 702 3252 .
721 3219 795 3251 unum
821 3219 895 3266 genus
921 3202 1018 3250 liberale
1043 3207 1066 3250 et
1093 3202 1222 3260 ingenuum
1249 3201 1281 3248 rei
1308 3201 1432 3250 familiaris

265 3287 389 3351 augendae,
408 3288 471 3351 quod
491 3303 518 3336 ex
544 3286 709 3351 agricolatione
735 3286 874 3350 contingil''.
901 3285 996 3334 Plinius
1014 3284 1044 3332 N.
1063 3285 1094 3332 H.
1114 3285 1202 3340 XVIII,
1221 3286 1243 3342 3,
1264 3284 1306 3332 ll:
1327 3286 1432 3347 ,Agrum

265 3371 327 3420 male
343 3371 418 3419 colere
435 3371 566 3418 censorIum
583 3369 694 3434 probrum
711 3368 864 3426 indicabatur,
883 3372 958 3432 atque,
977 3371 1004 3415 ut
1021 3367 1089 3415 refert
1106 3368 1170 3424 Cato,
1189 3383 1242 3415 cum
1261 3367 1338 3415 virum
1348 3367 1433 3415 bonurn

264 3455 394 3518 agricolans
411 3453 546 3517 bonumque
563 3452 673 3501 colonum
691 3452 812 3509 dixissent,
829 3451 976 3515 amplissime
993 3449 1099 3499 laudasse
1115 3449 1303 3498 existirnabsnt.’'

300 3538 317 3598 ¹)
335 3538 467 3594 Dmmann,
484 3536 529 3585 Die
545 3536 654 3584 Arbeiter
671 3552 694 3584 u.
713 3535 893 3584 Communisteu
912 3534 936 3580 iu
955 3531 1126 3586 Grieehenland
1144 3548 1167 3579 u.
1186 3532 1253 3590 Rom,
1272 3549 1323 3596 pag.
1343 3532 1398 3584 279.

297 3621 317 3681 ἵ)
334 3620 397 3669 Plin.
416 3620 446 3668 N.
465 3619 497 3668 H.
516 3619 604 3676 XVIII,
624 3619 646 3676 3,
666 3619 704 3666 13.

296 3703 316 3764 ³)
333 3703 365 3752 ib.
383 3707 394 3764 §
413 3703 451 3751 10.

300 3788 319 3848 ⁴)
330 3785 408 3856 'Varro
423 3786 450 3833 R.
469 3785 497 3833 R.
513 3785 545 3843 II,
565 3785 586 3843 l,
606 3784 644 3832 10.

299 3870 317 3929 ⁶)
335 3869 371 3917 Of.
389 3867 460 3916 etiam
477 3868 577 3916 eundem
594 3867 623 3915 R.
641 3868 669 3915 R.
688 3867 720 3925 ΙΙ,
740 3867 761 3924 l,
781 3867 819 3914 ll.

297 3952 318 4011 ⁸)
336 3951 400 3999 Pliu.
419 3951 450 3998 N.
468 3950 501 3998 H.
520 3949 608 4008 XVIII,
627 3953 650 4008 4,
669 3949 707 3997 19.

297 4033 316 4093 7)
333 4033 397 4081 ΡΙίιι.
416 4033 447 4081 N.
466 4033 497 4080 H.
516 4032 604 4090 XVIII,
623 4033 645 4090 6,
663 4033 703 4080 43.
722 4032 759 4080 Oi.
776 4032 847 4080 etiam
865 4030 966 4078 eundern
985 4031 1041 4082 ibid.
1054 4035 1075 4092 5,
1086 4033 1134 4090 31;
1155 4034 1212 4080 Cato
1223 4032 1321 4095 DeAgri
1332 4029 1429 4086 cultim

264 4116 373 4166 festivam
390 4116 493 4164 fabulam
510 4115 611 4163 Phaedri
629 4112 690 4176 (Lib.
709 4115 741 4176 ΙΙ,
759 4115 805 4167 fab.
824 4114 858 4176 8),
876 4118 917 4161 etc.

295 4198 315 4260 8)
332 4198 349 4246 l.
367 4197 383 4246 l.
402 4197 490 4256 XVIII,
508 4197 530 4254 6,
549 4197 589 4246 40.
