3226 4998
754 517 797 581 65

177 695 222 762 ad
257 717 362 782 quem
396 715 452 760 eos
487 693 605 779 delego
642 694 701 780 qui
737 695 801 759 hae
837 693 878 759 de
913 717 948 760 re
985 694 1084 781 plura
1119 697 1202 762 seire
1233 697 1350 765 velint.

218 809 295 874 Iam
329 808 467 874 Catonis
490 807 628 872 maioris
657 806 869 893 temporibus
899 807 1154 874 habitationum
1177 811 1351 877 mercedes

175 943 321 1007 magnae
357 927 464 1002 erant,
500 927 539 985 ut
562 927 704 1006 apparet
723 942 766 984 ex
789 920 831 985 iis
860 941 947 1005 quae
972 921 1142 988 Diodorus
1165 930 1281 988 narrat
1309 925 1350 989 de

173 1035 371 1100 Ptolemaeo
405 1035 566 1120 quodam,
592 1034 742 1119 Aegypti
767 1055 846 1118 rege
871 1055 891 1097 a
919 1034 1021 1099 fratre
1051 1057 1198 1120 arogno
1222 1037 1348 1103 eiecto:

175 1147 383 1224 ηπεπυσμένος
403 1147 435 1206 δε
455 1145 536 1208 κατά
556 1145 610 1210 τλν
631 1150 748 1221 πορείαν
770 1141 982 1222 fenestellam
994 1145 1095 1205 τὸτοῦ
1111 1135 1284 1224 Δημητρίου
1299 1155 1351 1208 τοῦ

174 1253 366 1331 τοπογράφου
386 1247 459 1325 πρός
479 1256 584 1309 τοῦτον
605 1251 739 1327 ζητήσας
759 1251 907 1313 κατέλυσε
928 1250 1249 1332 πεφιλοξενημένονυτ’
1261 1251 1350 1314 αὐτοῦ

173 1359 331 1426 πλεονάκις
354 1353 383 1416 ἐν
410 1363 448 1442 τῇ
466 1354 546 1418 κατὰ
564 1354 618 1421 τὴν
636 1355 859 1434 Ἀλεξάνδρειαν
880 1352 1037 1435 ἐπιδημία
1062 1354 1128 1434 ᾤκει
1139 1353 1171 1417 δέ
1193 1355 1349 1438 ἐνυπερίρῳ

174 1463 270 1539 στένῳ
290 1461 338 1524 καί
348 1465 504 1530 παντελῶς
515 1457 626 1519 εὐτελεῖ
634 1459 680 1519 διά
691 1456 727 1518 τί
738 1459 874 1536 μέγεθος
885 1467 943 1519 τῶν
954 1457 983 1519 ἐν
993 1469 1031 1547 τῇ
1046 1459 1147 1546 Ῥώμη
1160 1465 1309 1538 probor?
1324 1464 1348 1541 ¹)

175 1567 443 1655 Aliquantulum
476 1567 514 1630 in
547 1565 649 1652 eulpa
682 1573 754 1630 erat
787 1566 930 1632 avaritia
965 1588 1084 1632 eorum
1117 1569 1176 1654 qui
1210 1570 1347 1636 nullum

175 1704 286 1767 genus
324 1687 483 1768 quaestus
512 1680 733 1765 inexpertum
756 1679 988 1766 relinquentes
1011 1680 1099 1748 lueri
1123 1703 1224 1748 eausa
1247 1684 1347 1749 aedes

175 1801 380 1861 coemerent.
405 1794 452 1860 Ut
469 1793 674 1858 Plutarchus
697 1799 813 1858 narrat
829 1793 870 1857 de
888 1793 1026 1860 Crasso:
1058 1793 1159 1870 νΠρὸς
1179 1793 1212 1856 δὲ
1234 1797 1347 1867 τούτοις

175 1908 247 1982 ἐρῶν
270 1905 326 1976 τάς
346 1913 501 1981 συγγενεῖς
523 1905 571 1968 καί
591 1904 737 1973 συνοίκους
758 1913 812 1974 τῆς
836 1904 953 1981 Ῥώμης
973 1915 1065 1981 κῆρας
1083 1906 1279 1984 ἐμπρησμοὺς
1300 1909 1349 1971 καί

173 2013 335 2088 συνιζήσεις
355 2010 402 2069 διὰ
422 2009 517 2084 βάρος
541 2009 590 2072 καί
610 2015 732 2078 πλῆθος
753 2009 1011 2086 οἰκοδομημάτων,
1034 2009 1145 2070 ἐωνεῖτο
1165 2012 1285 2081 δοόλους
1297 2012 1347 2088 άρ-

174 2116 351 2196 χιτέκτονας
371 2114 419 2177 καί
439 2113 614 2190 οἰκοδόμους.
659 2104 723 2174 Εἶτ’
746 2111 824 2194 ’έχων
845 2116 966 2184 τούτους
988 2111 1060 2190 όπέρ
1081 2120 1292 2186 πεντακοσίους
1303 2117 1346 2176 όν·

175 2243 233 2290 τας
260 2218 421 2298 ἐξηγόραζε
442 2217 482 2277 τά
500 2218 639 2293 καιόμενα
660 2217 709 2280 καί
729 2226 900 2293 γειτνιῶντα
922 2228 982 2287 τοῖς
1003 2219 1163 2296 καιομένοις
1185 2219 1231 2279 διὰ
1254 2221 1348 2301 φόβον

175 2325 224 2387 καί
242 2323 415 2394 ἀδηλότητα
435 2329 494 2381 τῶν
515 2322 670 2382 δεσποτῶν
689 2320 743 2381 ἀπ’
765 2321 869 2397 όλίγης
889 2330 978 2398 τιμῆς
999 2324 1187 2398 προϊεμένων,
1201 2323 1280 2384 ὥστε
1291 2334 1346 2395 τῆς

178 2428 296 2504 Ῥώμης
327 2424 361 2487 τό
392 2432 536 2487 πλεῖστον
566 2426 654 2503 μέρος
683 2427 732 2486 ἐπ’
765 2424 844 2504 αὐτῷ
865 2426 1017 2495 γένεσθαι.
1061 2429 1226 2497 Τοσοότους
1246 2427 1278 2489 δὲ
1299 2450 1346 2492 κε-

173 2533 321 2609 κτημένος
348 2535 490 2611 τεχνίτας
511 2529 589 2590 οίιδέν
616 2529 805 2608 ᾠκοδόμησεν
833 2527 921 2600 αότές
942 2528 958 2599 ἢ
980 2530 1034 2598 τὴν
1055 2532 1127 2591 ἰδίαν
1148 2535 1249 2608 οἰκίαν,
1274 2533 1345 2594 ἀλλ’

166 2636 262 2713 Ι’ἔλεγε
296 2635 363 2706 τοὺς
398 2636 615 2718 φιλοικοδόμους
650 2633 756 2704 αὐτοὺς
787 2636 832 2713 tp'
866 2634 975 2695 ἑαυτῶν
1011 2637 1220 2698 καταλύεσθαι
1256 2639 1344 2719 χωρίς

174 2742 411 2817 ἀνταγωνιστῶν.
436 2739 461 2827 2)
485 2741 536 2806 De
560 2763 620 2806 suo
644 2748 796 2827 tempore
820 2741 1009 2807 iuvenalis:
1028 2742 1204 2831 ‚‚(Itomae)
1218 2766 1345 2829 magno

175 2856 364 2942 hospitium
387 2854 611 2920 miserabile'’.
625 2853 651 2940 ³)
675 2893 719 2902 -—
744 2861 777 2919 et
789 2854 887 2920 alibi:
904 2906 918 2934 ‚,
924 2855 959 2920 Si
971 2862 1066 2940 potes
1078 2856 1180 2942 avelli
1192 2857 1346 2923 eireensi-

175 2969 249 3050 bus,
285 2969 415 3055 optima
449 2967 550 3033 Sorae
585 2967 657 3032 Aut
684 2967 899 3033 Fabrateriae
924 2968 1046 3034 domus
1070 2976 1129 3034 aut
1153 2970 1343 3037 Frusinone

176 3089 324 3169 paratur,
352 3082 481 3160 Quanti
503 3103 596 3146 nuno
619 3081 776 3146 tenebras
792 3102 902 3145 unum
915 3081 1078 3147 eonduois
1090 3083 1126 3147 in
1139 3085 1302 3149 annum.''
1318 3086 1344 3172 ⁴)

174 3194 308 3274 Quibus
327 3194 431 3259 addas
456 3178 556 3281 quod
570 3194 695 3279 legitur
726 3194 820 3280 apud
833 3194 1006 3260 Gellium:
1034 3195 1173 3280 „Magni
1190 3248 1197 3261 .
1216 3198 1345 3263 reditus

175 3309 388 3374 urbanorum
415 3308 663 3394 praediorum.²'
690 3308 715 3393 5)
750 3308 794 3372 Et
828 3309 865 3371 in
889 3308 1056 3393 Digestis:
1085 3309 1173 3388 „Qui
1195 3310 1345 3376 insulam

174 3423 315 3507 triginta
349 3421 569 3502 conduxerat,
602 3421 736 3505 singula
759 3421 943 3486 ooenaeula
965 3422 1014 3486 ita
1038 3422 1174 3504 locavit,
1200 3430 1239 3489 ut
1263 3446 1345 3510 qua-

176 3549 370 3562 ——q-——-

210 3588 226 3650 ¹)
243 3589 313 3637 Diod.
330 3587 403 3636 Sieul.
421 3588 530 3651 Exosrpt.
549 3588 623 3636 Velie.
642 3587 694 3636 Lib.
712 3588 798 3645 XXXI,
817 3589 831 3636 8
850 3588 978 3650 (Dindorl').
996 3589 1119 3636 Postrema
1136 3589 1208 3638 verbe
1224 3581 1290 3660 ᾤκει
1311 3583 1344 3646 δέ

173 3693 193 3725 e.
211 3693 234 3740 q.
252 3692 270 3724 s.
288 3674 422 3724 Pdhlmann
439 3679 500 3739 (pag.
519 3675 559 3736 74)
577 3676 606 3724 ed
624 3675 783 3724 Ptolemaeum
806 3677 892 3733 refert3
911 3676 931 3724 si
950 3693 1032 3725 verum
1050 3693 1155 3740 quaeres,
1174 3679 1202 3726 de
1221 3681 1342 3730 Demetrio

174 3761 315 3815 dictasunt,
333 3758 362 3806 ed
379 3775 448 3822 quem
466 3759 508 3806 ille
525 3759 635 3807 deversus
652 3763 709 3807 erat.

207 3843 227 3903 ἵ)
245 3841 309 3890 Plut.
328 3841 403 3890 Crass.
421 3842 454 3899 II,
474 3843 496 3899 5,
515 3843 529 3890 6
548 3843 600 3903 (Ed.
619 3843 708 3904 Didot).
743 3843 779 3890 De
796 3843 864 3890 modo
882 3858 928 3906 quo
945 3845 1062 3906 postremo
1079 3843 1150 3892 verbe
1167 3844 1343 3910 interpretenda

173 3926 223 3974 sint
240 3926 269 3974 es.
287 3923 422 3973 Pdhlmann
439 3923 475 3973 l.l.
493 3941 544 3988 pag.
564 3925 602 3973 89.

206 4007 225 4068 ³)
242 4008 296 4056 Iuv.
314 4007 361 4063 Ill,
382 4007 438 4055 166,

206 4091 225 4151 ⁴)
242 4089 303 4138 ibid.
321 4105 355 4137 vs.
374 4089 422 4137 223
440 4106 503 4154 seqq.
529 4091 559 4138 ln
575 4090 663 4140 talibus
679 4090 738 4139 loeis
755 4095 834 4139 temen
851 4092 980 4138 tenendum
1001 4116 1032 4127 -
1049 4092 1112 4155 quod
1126 4095 1150 4141 et
1167 4093 1218 4158 ipse
1227 4094 1297 4144 semel
1306 4099 1340 4145 et

173 4189 218 4237 que
235 4173 323 4222 iterum
340 4173 423 4220 monui
440 4176 464 4221 et
481 4172 615 4222 Pdhlmenn
632 4176 712 4222 monet
731 4201 761 4210 -
779 4172 915 4222 Iuvenalem
933 4189 970 4221 res
990 4189 1123 4238 exasperare
1141 4175 1222 4226 solere.

210 4255 228 4318 η
247 4254 309 4307 een.
328 4255 418 4316 rv,1‚
436 4255 458 4304 a

1235 4343 1256 4408 5
