3274 4998
833 471 897 538 158

281 648 442 717 videlieet
487 649 559 737 ipse
594 649 743 716 habebat
775 649 905 717 tribum
940 672 1045 738 quam
1078 649 1215 736 legabat
1251 648 1277 737 ¹)
1312 687 1357 700 -
1392 654 1452 714 aut

281 762 566 830 frumentationes
615 763 716 830 liceat
750 763 915 851 appellari
948 764 1124 849 egentium
1160 763 1286 829 iustam
1320 783 1450 830 curam.

326 875 526 964 Antequam
561 875 604 942 ab
628 877 692 943 hoc
716 876 790 943 loco
813 877 986 958 abeamus
1008 897 1117 965 pauca
1139 876 1284 943 dicenda
1307 881 1388 942 sunt
1411 876 1452 941 de

281 987 449 1056 libertinis
471 989 509 1054 in
533 989 841 1056 frumentationum
865 991 1144 1057 communionem
1168 990 1360 1076 assumptis.
1393 989 1453 1054 Su-

282 1102 416 1190 periora
439 1102 534 1168 enim
558 1102 653 1169 haud
678 1102 780 1170 dubie
805 1104 928 1170 docent
950 1110 1024 1169 tum
1039 1103 1189 1190 quidem,
1202 1124 1281 1170 cum
1295 1103 1454 1170 Caesares

282 1221 475 1300 regnarent,
513 1215 640 1282 multoe
674 1216 850 1283 libertinos
887 1217 1016 1304 publici
1039 1217 1203 1282 frumenti
1227 1217 1328 1282 fuisse
1353 1200 1455 1302 perti·

282 1328 385 1416 cipes.
431 1328 532 1407 Quod
555 1328 750 1396 Mommsen
773 1329 918 1396 adduxit
942 1337 979 1396 ut
1002 1330 1070 1396 duo
1086 1329 1239 1395 tribuum
1252 1330 1455 1414 generedis·

282 1447 445 1522 cerneret,
491 1442 652 1529 antiquas
688 1465 774 1530 quae
809 1443 853 1509 ad
888 1444 936 1510 rei
970 1443 1127 1530 publicae
1162 1444 1309 1510 rationes
1344 1449 1455 1509 essent

282 1555 489 1636 referendae,
515 1560 551 1620 et
574 1554 726 1622 urbanae
750 1555 859 1643 plebis
882 1579 969 1644 quae
993 1578 1073 1623 cum
1092 1556 1455 1641 frumentilargitioni-

200 1648 203 1654 ¹
283 1667 347 1735 bus
384 1668 626 1750 cohaererent3
656 1669 700 1735 ad
723 1670 785 1736 has
808 1677 923 1736 autem
946 1671 1119 1752 admissos,
1146 1693 1189 1736 ex
1207 1670 1274 1736 illis
1300 1670 1455 1736 exclusos

283 1782 385 1848 fuisse
408 1781 595 1849 libertinos.
620 1780 646 1869 3)
692 1783 781 1848 Mihi
804 1789 918 1850 tamen
939 1784 1132 1850 Mommsen
1156 1785 1246 1850 hanc
1259 1784 1453 1868 opinionem

284 1916 383 1962 suam
406 1917 628 1982 nequaquam
650 1897 851 1962 confirmare
876 1897 1012 1964 videtur
1035 1899 1245 1983 argumentis
1258 1897 1345 1962 nihil
1358 1897 1455 1962 dubii

283 2009 568 2097 relinquentibus,
597 2009 622 2096 3)
668 2009 798 2088 Quidni
822 2031 998 2076 sumamus
1022 2012 1228 2096 Augustum,
1251 2012 1310 2098 qui
1335 2033 1455 2076 manu·

319 2188 337 2250 ¹)
371 2190 426 2255 Ipse
450 2190 585 2238 Mommsen
611 2190 674 2251 (StR.
693 2191 731 2238 III
748 2207 800 2254 pag.
818 2192 866 2243 447
884 2191 938 2239 adn.
956 2194 981 2248 4)
998 2208 1011 2240 e
1029 2191 1140 2255 scriptore
1157 2193 1213 2240 satis
1231 2192 1326 2249 recenti,
1343 2191 1458 2240 Tertulli·

284 2288 337 2331 ano,
362 2273 418 2321 haec
444 2273 513 2322 verba
538 2273 618 2322 laudnt
644 2273 672 2322 de
695 2273 779 2322 liberto
795 2274 841 2336 (De
859 2274 954 2324 Resurr.
972 2274 1049 2322 carnis
1068 2275 1124 2334 tn:
1144 2275 1191 2339 „nt
1208 2275 1278 2324 vestis
1295 2274 1363 2323 albae
1380 2275 1457 2322 nitore

285 2359 307 2404 et
323 2357 388 2404 aurei
404 2355 472 2404 anuli
490 2357 577 2404 honore
594 2359 616 2404 et
634 2357 727 2420 patroni
746 2357 841 2405 nomine
859 2373 885 2405 ac
902 2357 966 2406 tribu
983 2373 1110 2421 mensaque
1123 2357 1277 2406 honoratur.”
1311 2358 1374 2421 Ergo
1383 2357 1456 2405 liber·

286 2441 326 2486 tus
341 2439 469 2488 honoratur
481 2439 584 2504 patroni
600 2439 672 2488 tribu.

323 2520 344 2582 ²)
376 2522 431 2572 StR.
456 2522 494 2570 III
519 2538 571 2586 pag.
598 2523 647 2569 444
665 2538 728 2586 seqq.
764 2523 827 2570 Haec
844 2523 927 2571 scribit
943 2539 995 2587 pag.
1013 2523 1078 2570 446:
1098 2523 1145 2588 „Es
1162 2524 1192 2572 ist
1209 2523 1346 2572 wesentlich
1363 2525 1403 2571 fiir
1420 2523 1458 2571 die

287 2603 472 2656 Charakteristik
497 2605 537 2652 des
562 2603 728 2668 Biirgerrechts
753 2605 845 2652 zweiter
871 2605 960 2663 Klasee,
978 2607 1031 2655 dass
1048 2605 1086 2654 die
1103 2606 1291 2669 Zuriiclrsetzung
1308 2607 1348 2654 der
1365 2605 1457 2669 Freige·

288 2689 396 2738 laasenen
422 2688 471 2736 und
497 2687 550 2736 ihre
575 2686 775 2751 Ausschliessuug
793 2704 838 2735 von
856 2689 901 2736 den
918 2689 1003 2737 Tribus
1021 2690 1071 2738 sich
1089 2691 1131 2738 auf
1145 2689 1208 2737 diese
1224 2689 1310 2738 Tribus
1328 2689 1378 2737 und
1394 2689 1459 2736 diese

288 2773 396 2836 Sponden
422 2771 489 2819 nicht
513 2770 625 2818 erstreclrt
650 2771 698 2820 hat.
733 2771 854 2819 Vielmehr
876 2772 908 2820 ist
925 2776 994 2830 unter
1010 2773 1062 2821 dem
1080 2773 1200 2836 Principat
1216 2773 1255 2821 die
1271 2771 1459 2836 Mitgliedschaft

288 2856 329 2905 der
353 2853 440 2902 Tribus
465 2869 496 2902 an
522 2853 573 2902 sicli
597 2857 706 2916 getrennt
731 2853 824 2903 worden
850 2871 896 2902 von
917 2855 968 2903 dem
987 2857 1061 2906 Recbt
1077 2855 1230 2925 disselbe'als
1247 2855 1411 2904 Namenstheil
1429 2872 1458 2904 zu

288 2939 373 2987 fiihren
392 2937 440 2985 und
457 2936 484 2984 in
501 2937 543 2984 der
559 2936 647 2992 Tribus
665 2937 714 2984 und
731 2937 772 2985 der
788 2937 891 2985 dadurch
909 2938 1034 3002 bedingten
1052 2939 1164 2988 Centurie
1180 2956 1209 2987 au
1227 2939 1362 2987 stimmen.''

299 3073 302 3080 ,
321 3020 341 3080 ³)
375 3019 508 3068 Maximum
525 3018 576 3067 eius
594 3024 759 3082 argumentum
777 3020 820 3068 hoc
838 3025 879 3077 est,
897 3036 924 3068 er
941 3021 1137 3086 inscriptionibus
1154 3025 1231 3086 patere
1248 3021 1373 3074 Caesarum
1384 3026 1460 3070 aetate

287 3103 379 3153 tribum
403 3101 475 3165 vulgo
501 3117 550 3150 non
575 3102 678 3150 additam
705 3103 777 3150 fuisse
800 3102 965 3152 libertinorum
982 3105 1128 3153 nominibus.
1163 3107 1195 3152 At
1210 3119 1264 3152 cum
1281 3105 1331 3168 ipse
1348 3105 1460 3153 concedet

288 3186 413 3251 postremis
435 3184 523 3234 liberae
540 3184 698 3249 reipublicae
714 3185 859 3250 temporibus
876 3186 965 3234 tribum
985 3203 1031 3234 non
1049 3188 1123 3251 magis
1140 3187 1243 3235 additam
1260 3203 1316 3246 esse,
1333 3203 1459 3250 argumen-

288 3274 338 3318 tum
365 3268 426 3318 mihi
451 3267 579 3316 admodum
605 3267 656 3316 leve
682 3268 782 3316 videtur.
817 3268 853 3316 Cf.
873 3267 983 3317 Momms.
1002 3269 1018 3318 l.
1037 3269 1054 3318 l.
1072 3286 1123 3334 pag.
1141 3269 1190 3317 440
1207 3270 1260 3317 adn.
1279 3272 1310 3316 4:
1339 3269 1414 3334 „Dese
1432 3270 1458 3318 in

288 3352 332 3401 den
358 3350 469 3399 ziemlicb
493 3349 642 3398 zahlreiohen
667 3351 810 3398 Iusohriften
836 3351 876 3399 der
902 3356 1008 3416 sptteren
1033 3351 1255 3417 republikanischen
1280 3352 1331 3400 Zeit
1355 3353 1401 3401 mit
1418 3353 1461 3401 der

288 3435 357 3484 einen
383 3435 407 3482 S.
433 3433 481 3480 441
509 3433 538 3480 A.
566 3434 580 3482 2
607 3435 763 3497 angefiihrten
788 3434 925 3483 Ausnahme
951 3434 988 3483 die
1005 3435 1090 3484 Tribus
1108 3435 1173 3484 nieht
1190 3435 1314 3494 erscheint‚
1331 3435 1395 3484 kann
1412 3436 1459 3484 den

285 3517 438 3566 bestimmten
455 3514 568 3578 Angabeu
584 3515 722 3580 geganiiber,
739 3516 827 3564 welche
836 3517 874 3564 fiir
881 3517 944 3565 diese
952 3517 1045 3581 llpoehe
1053 3517 1092 3565 ihr
1100 3517 1251 3567 Stimmrecht
1258 3517 1383 3582 bezeugen,
1392 3518 1461 3568 nieht

287 3600 314 3649 in
331 3599 441 3648 Betracht
456 3597 593 3646 kommen”
627 3598 697 3662 Quod
714 3599 743 3646 ad
760 3598 822 3647 locos
836 3615 894 3662 quos
912 3600 992 3648 docere
1009 3601 1042 3648 ait
1059 3599 1182 3650 libertinos
1199 3601 1225 3649 in
1246 3601 1338 3666 „plebis
1352 3601 1459 3650 frumen·

287 3683 359 3733 unae
380 3680 473 3730 tribus''
494 3681 568 3730 fuisse
584 3684 696 3745 receptos,
714 3681 822 3744 equidem
840 3697 888 3730 non
906 3682 973 3730 video
991 3683 1049 3746 quid
1065 3683 1153 3732 indicet
1168 3683 1243 3732 bibus
1259 3699 1339 3732 vocem
1357 3683 1392 3732 ibi
1409 3700 1458 3732 non

288 3765 361 3815 letius
377 3769 463 3831 patere.
482 3766 542 3814 Sunt
559 3765 612 3814 Tac.
631 3768 695 3812 Ann.
711 3763 779 3821 XIII,
797 3764 828 3817 27
839 3792 870 3801 —
880 3781 950 3828 quem
959 3764 1037 3814 locum
1048 3766 1101 3814 vide
1110 3782 1180 3830 snpra
1188 3783 1239 3831 pag.
1251 3767 1359 3815 153adn.
1371 3767 1383 3814 l
1395 3771 1460 3815 —et

288 3848 421 3912 Symmach.
440 3849 505 3898 Orat.
524 3864 565 3912 pro
583 3853 648 3912 patre
665 3847 697 3898 7:
716 3845 779 3912 „illa
795 3851 837 3908 (sc.
848 3851 959 3908 vetustas)
968 3848 1045 3897 tribus
1055 3853 1133 3898 evocet
1142 3847 1254 3898 libertina
1262 3865 1288 3898 ac
1297 3849 1389 3913 plebeia
1397 3851 1461 3898 faece

287 3929 417 3995 pollutas.''
450 3932 483 3980 At
507 3933 544 3980 iac
570 3930 646 3979 tribus
673 3930 726 3978 istis
749 3929 809 3979 locis
827 3931 855 3978 de
872 3931 940 3996 plebe
957 3935 1048 3980 butum
1067 3933 1220 3981 fromentada
1237 3949 1286 3981 esse
1303 3933 1459 3997 accipiendas,

290 4011 403 4076 quidnam
428 4013 484 4062 inde
508 4013 630 4062 efficitur?
664 4012 693 4060 In
718 4012 793 4061 Taciti
819 4013 882 4062 enim
915 4013 966 4062 loco
992 4015 1020 4062 de
1045 4015 1169 4066 remotiore
1194 4015 1345 4079 potissimum
1367 4015 1461 4079 origine

290 4094 440 4157 cogitandum
457 4100 492 4144 est
508 4097 548 4155 (ef.
565 4096 676 4144 Momms.
695 4095 712 4144 l.
729 4095 747 4144 l.
765 4112 816 4160 pag.
834 4097 883 4144 452
897 4097 951 4145 adn.
969 4095 1005 4158 3»
1019 4113 1072 4145 curn
1088 4113 1135 4145 non
1144 4097 1221 4146 solum
1231 4099 1294 4146 iuter
1301 4099 1461 4163 praetorianos

291 4174 468 4240 legionariam,
486 4177 525 4225 sed
543 4193 572 4226 ne
589 4177 652 4225 inter
669 4177 773 4226 cohortes
791 4178 886 4242 quidem
896 4177 995 4228 urbanas
1004 4178 1127 4228 libertinos
1136 4179 1252 4246 stipendia
1261 4180 1460 4231 mererifaseeset
