<?xml version="1.0" encoding="UTF-8"?>
<!DOCTYPE html PUBLIC "-//W3C//DTD XHTML 1.0 Transitional//EN"
    "http://www.w3.org/TR/xhtml1/DTD/xhtml1-transitional.dtd">
<html xmlns="http://www.w3.org/1999/xhtml" xml:lang="en" lang="en">
 <head>
  <title>
</title>
<meta http-equiv="Content-Type" content="text/html;charset=utf-8" />
  <meta name='ocr-system' content='tesseract 3.04.00' />
  <meta name='ocr-capabilities' content='ocr_page ocr_carea ocr_par ocr_line ocrx_word'/>
</head>
<body>
  <div class='ocr_page' id='page_1' title='image "./depauperumcuraa00essegoog_0240.png"; bbox 0 0 3296 5008; ppageno 0'>
   <div class='ocr_carea' id='block_1_1' title="bbox 841 461 906 528">
    <p class='ocr_par' dir='ltr' id='par_1_1' title="bbox 841 461 906 528">
     <span class='ocr_line' id='line_1_1' title="bbox 841 461 906 528; baseline 0 0"><span class='ocrx_word' id='word_1_1' title='bbox 841 461 906 528; x_wconf 76' lang='lat'>222</span> 
     </span>
    </p>
   </div>
   <div class='ocr_carea' id='block_1_2' title="bbox 285 635 1459 2998">
    <p class='ocr_par' dir='ltr' id='par_1_2' title="bbox 285 635 1459 1976">
     <span class='ocr_line' id='line_1_2' title="bbox 285 635 1456 730; baseline 0.004 -27"><span class='ocrx_word' id='word_1_2' title='bbox 285 635 420 704; x_wconf 87' lang='lat' dir='ltr'>videbis</span> <span class='ocrx_word' id='word_1_3' title='bbox 453 637 579 704; x_wconf 92' lang='lat' dir='ltr'>incidil</span> <span class='ocrx_word' id='word_1_4' title='bbox 627 637 785 724; x_wconf 82' lang='lat' dir='ltr'><strong>Augetur</strong></span> <span class='ocrx_word' id='word_1_5' title='bbox 807 640 902 706; x_wconf 91' lang='lat' dir='ltr'>enim</span> <span class='ocrx_word' id='word_1_6' title='bbox 924 640 1048 708; x_wconf 81' lang='lat' dir='ltr'><strong>cotidie</strong></span> <span class='ocrx_word' id='word_1_7' title='bbox 1071 647 1106 707; x_wconf 90' lang='lat' dir='ltr'>et</span> <span class='ocrx_word' id='word_1_8' title='bbox 1125 642 1254 723; x_wconf 86' lang='lat' dir='ltr'>erescit,</span> <span class='ocrx_word' id='word_1_9' title='bbox 1278 664 1349 708; x_wconf 91' lang='lat' dir='ltr'>non</span> <span class='ocrx_word' id='word_1_10' title='bbox 1372 643 1456 730; x_wconf 90' lang='lat' dir='ltr'>quia</span> 
     </span>
     <span class='ocr_line' id='line_1_3' title="bbox 285 750 1452 843; baseline 0.004 -28"><span class='ocrx_word' id='word_1_11' title='bbox 285 750 431 817; x_wconf 90' lang='lat' dir='ltr'>cariores</span> <span class='ocrx_word' id='word_1_12' title='bbox 461 751 660 838; x_wconf 88' lang='lat' dir='ltr'>parentibus</span> <span class='ocrx_word' id='word_1_13' title='bbox 695 752 804 832; x_wconf 92' lang='lat' dir='ltr'>liberi,</span> <span class='ocrx_word' id='word_1_14' title='bbox 839 753 898 818; x_wconf 93' lang='lat' dir='ltr'>sed</span> <span class='ocrx_word' id='word_1_15' title='bbox 922 755 1004 840; x_wconf 89' lang='lat' dir='ltr'>quia</span> <span class='ocrx_word' id='word_1_16' title='bbox 1026 755 1174 843; x_wconf 84' lang='lat' dir='ltr'>principi</span> <span class='ocrx_word' id='word_1_17' title='bbox 1196 756 1299 822; x_wconf 87' lang='lat' dir='ltr'>cives.</span> <span class='ocrx_word' id='word_1_18' title='bbox 1345 755 1452 821; x_wconf 90' lang='lat' dir='ltr'>Dabis</span> 
     </span>
     <span class='ocr_line' id='line_1_4' title="bbox 286 865 1459 952; baseline 0.003 -22"><span class='ocrx_word' id='word_1_19' title='bbox 286 865 474 950; x_wconf 88' lang='lat' dir='ltr'>congiaria,</span> <span class='ocrx_word' id='word_1_20' title='bbox 520 867 549 932; x_wconf 92' lang='lat' dir='ltr'>si</span> <span class='ocrx_word' id='word_1_21' title='bbox 584 865 697 946; x_wconf 88' lang='lat' dir='ltr'>volcs;</span> <span class='ocrx_word' id='word_1_22' title='bbox 733 867 920 952; x_wconf 72' lang='lat' dir='ltr'>praestabis</span> <span class='ocrx_word' id='word_1_23' title='bbox 954 867 1128 946; x_wconf 86' lang='lat' dir='ltr'>alimenta,</span> <span class='ocrx_word' id='word_1_24' title='bbox 1163 869 1191 934; x_wconf 90' lang='lat' dir='ltr'>si</span> <span class='ocrx_word' id='word_1_25' title='bbox 1225 868 1339 936; x_wconf 90' lang='lat' dir='ltr'>voles:</span> <span class='ocrx_word' id='word_1_26' title='bbox 1375 869 1459 936; x_wconf 92' lang='lat' dir='ltr'>illi</span> 
     </span>
     <span class='ocr_line' id='line_1_5' title="bbox 287 983 1456 1070; baseline 0.005 -27"><span class='ocrx_word' id='word_1_27' title='bbox 287 985 448 1044; x_wconf 89' lang='lat' dir='ltr'>tamen</span> <span class='ocrx_word' id='word_1_28' title='bbox 472 983 1456 1070; x_wconf 79' lang='lat' dir='ltr'>proptertenascuntur.”—Numeriquoque</span> 
     </span>
     <span class='ocr_line' id='line_1_6' title="bbox 288 1091 1458 1186; baseline 0.005 -30"><span class='ocrx_word' id='word_1_29' title='bbox 288 1091 431 1157; x_wconf 90' lang='lat' dir='ltr'>notandi</span> <span class='ocrx_word' id='word_1_30' title='bbox 454 1099 544 1158; x_wconf 91' lang='lat' dir='ltr'>sunt.</span> <span class='ocrx_word' id='word_1_31' title='bbox 591 1093 730 1158; x_wconf 89' lang='lat' dir='ltr'>Veleiae</span> <span class='ocrx_word' id='word_1_32' title='bbox 753 1095 852 1180; x_wconf 91' lang='lat' dir='ltr'>pueri</span> <span class='ocrx_word' id='word_1_33' title='bbox 867 1093 1013 1179; x_wconf 83' lang='lat' dir='ltr'>legitimi</span> <span class='ocrx_word' id='word_1_34' title='bbox 1029 1094 1307 1162; x_wconf 86' lang='lat' dir='ltr'>sustentabantur</span> <span class='ocrx_word' id='word_1_35' title='bbox 1318 1096 1458 1186; x_wconf 86' lang='lat' dir='ltr'>ducenti</span> 
     </span>
     <span class='ocr_line' id='line_1_7' title="bbox 288 1205 1458 1294; baseline 0.005 -24"><span class='ocrx_word' id='word_1_36' title='bbox 288 1205 517 1292; x_wconf 86' lang='lat' dir='ltr'>quadraginta</span> <span class='ocrx_word' id='word_1_37' title='bbox 551 1206 715 1292; x_wconf 91' lang='lat' dir='ltr'>quinque,</span> <span class='ocrx_word' id='word_1_38' title='bbox 750 1207 885 1293; x_wconf 91' lang='lat' dir='ltr'>puellae</span> <span class='ocrx_word' id='word_1_39' title='bbox 919 1207 1094 1292; x_wconf 88' lang='lat' dir='ltr'>legitimae</span> <span class='ocrx_word' id='word_1_40' title='bbox 1129 1230 1199 1274; x_wconf 94' lang='lat' dir='ltr'>non</span> <span class='ocrx_word' id='word_1_41' title='bbox 1229 1209 1295 1274; x_wconf 90' lang='lat' dir='ltr'>nisi</span> <span class='ocrx_word' id='word_1_42' title='bbox 1317 1209 1458 1294; x_wconf 87' lang='lat' dir='ltr'>triginta</span> 
     </span>
     <span class='ocr_line' id='line_1_8' title="bbox 288 1319 1459 1408; baseline 0.004 -25"><span class='ocrx_word' id='word_1_43' title='bbox 288 1325 459 1405; x_wconf 91' lang='lat' dir='ltr'>quattuor.</span> <span class='ocrx_word' id='word_1_44' title='bbox 517 1319 618 1398; x_wconf 81' lang='lat' dir='ltr'>Quod</span> <span class='ocrx_word' id='word_1_45' title='bbox 652 1320 697 1384; x_wconf 90' lang='lat' dir='ltr'>ad</span> <span class='ocrx_word' id='word_1_46' title='bbox 730 1320 923 1386; x_wconf 88' lang='lat' dir='ltr'>subsidium</span> <span class='ocrx_word' id='word_1_47' title='bbox 957 1322 1073 1408; x_wconf 90' lang='lat' dir='ltr'>ipsum</span> <span class='ocrx_word' id='word_1_48' title='bbox 1109 1322 1240 1402; x_wconf 79' lang='lat' dir='ltr'>attinet,</span> <span class='ocrx_word' id='word_1_49' title='bbox 1272 1323 1370 1408; x_wconf 91' lang='lat' dir='ltr'>pueri</span> <span class='ocrx_word' id='word_1_50' title='bbox 1407 1323 1459 1388; x_wconf 91' lang='lat' dir='ltr'>illi</span> 
     </span>
     <span class='ocr_line' id='line_1_9' title="bbox 288 1431 1456 1522; baseline 0.004 -25"><span class='ocrx_word' id='word_1_51' title='bbox 288 1431 349 1498; x_wconf 88' lang='lat' dir='ltr'>HS</span> <span class='ocrx_word' id='word_1_52' title='bbox 382 1432 540 1514; x_wconf 85' lang='lat' dir='ltr'>sedecim,</span> <span class='ocrx_word' id='word_1_53' title='bbox 575 1432 711 1520; x_wconf 90' lang='lat' dir='ltr'>puellae</span> <span class='ocrx_word' id='word_1_54' title='bbox 746 1454 816 1500; x_wconf 91' lang='lat' dir='ltr'>non</span> <span class='ocrx_word' id='word_1_55' title='bbox 849 1434 916 1500; x_wconf 91' lang='lat' dir='ltr'>nisi</span> <span class='ocrx_word' id='word_1_56' title='bbox 954 1434 1136 1501; x_wconf 86' lang='lat' dir='ltr'>duodecim</span> <span class='ocrx_word' id='word_1_57' title='bbox 1171 1457 1308 1522; x_wconf 91' lang='lat' dir='ltr'>quoque</span> <span class='ocrx_word' id='word_1_58' title='bbox 1340 1458 1456 1502; x_wconf 92' lang='lat' dir='ltr'>mense</span> 
     </span>
     <span class='ocr_line' id='line_1_10' title="bbox 288 1545 1457 1636; baseline 0.003 -26"><span class='ocrx_word' id='word_1_59' title='bbox 288 1545 511 1632; x_wconf 82' lang='lat' dir='ltr'>accipiebant.</span> <span class='ocrx_word' id='word_1_60' title='bbox 557 1546 749 1613; x_wconf 86' lang='lat' dir='ltr'>Alabantur</span> <span class='ocrx_word' id='word_1_61' title='bbox 772 1549 910 1635; x_wconf 91' lang='lat' dir='ltr'>utrique</span> <span class='ocrx_word' id='word_1_62' title='bbox 935 1570 1042 1636; x_wconf 88' lang='lat' dir='ltr'>usqne</span> <span class='ocrx_word' id='word_1_63' title='bbox 1065 1549 1108 1614; x_wconf 92' lang='lat' dir='ltr'>ad</span> <span class='ocrx_word' id='word_1_64' title='bbox 1120 1549 1346 1635; x_wconf 78' lang='lat' dir='ltr'>pubertatem,</span> <span class='ocrx_word' id='word_1_65' title='bbox 1359 1551 1457 1635; x_wconf 87' lang='lat' dir='ltr'>pueri</span> 
     </span>
     <span class='ocr_line' id='line_1_11' title="bbox 289 1660 1459 1750; baseline 0.004 -27"><span class='ocrx_word' id='word_1_66' title='bbox 289 1680 397 1745; x_wconf 91' lang='lat' dir='ltr'>nsque</span> <span class='ocrx_word' id='word_1_67' title='bbox 434 1660 477 1725; x_wconf 90' lang='lat' dir='ltr'>ad</span> <span class='ocrx_word' id='word_1_68' title='bbox 512 1660 686 1727; x_wconf 89' lang='lat' dir='ltr'>decimum</span> <span class='ocrx_word' id='word_1_69' title='bbox 721 1668 893 1743; x_wconf 88' lang='lat' dir='ltr'>octavum,</span> <span class='ocrx_word' id='word_1_70' title='bbox 929 1661 1063 1748; x_wconf 90' lang='lat' dir='ltr'>puellae</span> <span class='ocrx_word' id='word_1_71' title='bbox 1097 1663 1272 1750; x_wconf 89' lang='lat' dir='ltr'>usquead</span> <span class='ocrx_word' id='word_1_72' title='bbox 1297 1670 1459 1750; x_wconf 89' lang='lat' dir='ltr'>quartum</span> 
     </span>
     <span class='ocr_line' id='line_1_12' title="bbox 288 1773 1459 1862; baseline 0.003 -24"><span class='ocrx_word' id='word_1_73' title='bbox 288 1773 461 1862; x_wconf 81' lang='lat' dir='ltr'>decimum</span> <span class='ocrx_word' id='word_1_74' title='bbox 486 1796 629 1840; x_wconf 91' lang='lat' dir='ltr'>annum.</span> <span class='ocrx_word' id='word_1_75' title='bbox 654 1774 680 1860; x_wconf 90' lang='grc'>1)</span> <span class='ocrx_word' id='word_1_76' title='bbox 725 1776 866 1841; x_wconf 82' lang='lat' dir='ltr'>Praeter</span> <span class='ocrx_word' id='word_1_77' title='bbox 888 1797 1016 1862; x_wconf 90' lang='lat' dir='ltr'>paucos</span> <span class='ocrx_word' id='word_1_78' title='bbox 1038 1781 1154 1842; x_wconf 87' lang='lat' dir='ltr'>autem</span> <span class='ocrx_word' id='word_1_79' title='bbox 1169 1777 1312 1861; x_wconf 90' lang='lat' dir='ltr'>ingenui</span> <span class='ocrx_word' id='word_1_80' title='bbox 1323 1783 1459 1842; x_wconf 87' lang='lat' dir='ltr'>tantum</span> 
     </span>
     <span class='ocr_line' id='line_1_13' title="bbox 289 1885 1024 1976; baseline 0.004 -24"><span class='ocrx_word' id='word_1_81' title='bbox 289 1885 333 1952; x_wconf 88' lang='lat' dir='ltr'>ad</span> <span class='ocrx_word' id='word_1_82' title='bbox 357 1886 522 1953; x_wconf 88' lang='lat' dir='ltr'>alimenta</span> <span class='ocrx_word' id='word_1_83' title='bbox 546 1889 708 1954; x_wconf 85' lang='lat' dir='ltr'>videntur</span> <span class='ocrx_word' id='word_1_84' title='bbox 729 1888 871 1954; x_wconf 87' lang='lat' dir='ltr'>admissi</span> <span class='ocrx_word' id='word_1_85' title='bbox 893 1911 974 1955; x_wconf 90' lang='lat' dir='ltr'>esse.</span> <span class='ocrx_word' id='word_1_86' title='bbox 997 1888 1024 1976; x_wconf 62' lang='grc'>2)</span> 
     </span>
    </p>

    <p class='ocr_par' dir='ltr' id='par_1_3' title="bbox 287 2000 1459 2998">
     <span class='ocr_line' id='line_1_14' title="bbox 332 2000 1459 2090; baseline 0.004 -25"><span class='ocrx_word' id='word_1_87' title='bbox 332 2000 477 2067; x_wconf 84' lang='lat' dir='ltr'>Etiamsi</span> <span class='ocrx_word' id='word_1_88' title='bbox 510 2002 616 2087; x_wconf 88' lang='lat' dir='ltr'>igitur</span> <span class='ocrx_word' id='word_1_89' title='bbox 651 2003 804 2068; x_wconf 91' lang='lat' dir='ltr'>Romani</span> <span class='ocrx_word' id='word_1_90' title='bbox 839 2003 1011 2088; x_wconf 84' lang='lat' dir='ltr'>principes</span> <span class='ocrx_word' id='word_1_91' title='bbox 1043 2003 1080 2067; x_wconf 95' lang='lat' dir='ltr'>in</span> <span class='ocrx_word' id='word_1_92' title='bbox 1113 2001 1285 2069; x_wconf 89' lang='lat' dir='ltr'>alimentis</span> <span class='ocrx_word' id='word_1_93' title='bbox 1322 2025 1459 2090; x_wconf 91' lang='lat' dir='ltr'>quoque</span> 
     </span>
     <span class='ocr_line' id='line_1_15' title="bbox 288 2115 1457 2202; baseline 0.003 -23"><span class='ocrx_word' id='word_1_94' title='bbox 288 2120 367 2180; x_wconf 87' lang='lat' dir='ltr'>ante</span> <span class='ocrx_word' id='word_1_95' title='bbox 390 2115 508 2181; x_wconf 91' lang='lat' dir='ltr'>omnia</span> <span class='ocrx_word' id='word_1_96' title='bbox 530 2115 714 2181; x_wconf 86' lang='lat' dir='ltr'>utilitatem</span> <span class='ocrx_word' id='word_1_97' title='bbox 727 2123 894 2202; x_wconf 85' lang='lat' dir='ltr'>spectasse</span> <span class='ocrx_word' id='word_1_98' title='bbox 907 2115 1127 2181; x_wconf 84' lang='lat' dir='ltr'>existimandi</span> <span class='ocrx_word' id='word_1_99' title='bbox 1140 2117 1217 2196; x_wconf 92' lang='lat' dir='ltr'>sint,</span> <span class='ocrx_word' id='word_1_100' title='bbox 1230 2116 1457 2182; x_wconf 89' lang='lat' dir='ltr'>nihilominus</span> 
     </span>
     <span class='ocr_line' id='line_1_16' title="bbox 289 2227 1459 2316; baseline 0.002 -24"><span class='ocrx_word' id='word_1_101' title='bbox 289 2228 522 2295; x_wconf 85' lang='lat' dir='ltr'>misericordia</span> <span class='ocrx_word' id='word_1_102' title='bbox 558 2230 709 2316; x_wconf 88' lang='lat' dir='ltr'>quadam</span> <span class='ocrx_word' id='word_1_103' title='bbox 736 2231 890 2296; x_wconf 91' lang='lat' dir='ltr'>hnmana</span> <span class='ocrx_word' id='word_1_104' title='bbox 913 2252 970 2296; x_wconf 89' lang='lat' dir='ltr'>eos</span> <span class='ocrx_word' id='word_1_105' title='bbox 993 2229 1096 2295; x_wconf 90' lang='lat' dir='ltr'>simul</span> <span class='ocrx_word' id='word_1_106' title='bbox 1119 2227 1246 2295; x_wconf 82' lang='lat' dir='ltr'>ductos</span> <span class='ocrx_word' id='word_1_107' title='bbox 1260 2230 1362 2296; x_wconf 86' lang='lat' dir='ltr'>fuisse</span> <span class='ocrx_word' id='word_1_108' title='bbox 1388 2251 1459 2296; x_wconf 93' lang='lat' dir='ltr'>non</span> 
     </span>
     <span class='ocr_line' id='line_1_17' title="bbox 288 2342 1459 2430; baseline 0.003 -24"><span class='ocrx_word' id='word_1_109' title='bbox 288 2343 498 2426; x_wconf 87' lang='lat' dir='ltr'>negaverim.</span> <span class='ocrx_word' id='word_1_110' title='bbox 522 2342 548 2427; x_wconf 82' lang='lat'>⁸)</span> <span class='ocrx_word' id='word_1_111' title='bbox 594 2345 746 2430; x_wconf 84' lang='lat' dir='ltr'>Tempus</span> <span class='ocrx_word' id='word_1_112' title='bbox 769 2351 851 2424; x_wconf 89' lang='lat' dir='ltr'>erat,</span> <span class='ocrx_word' id='word_1_113' title='bbox 874 2366 954 2410; x_wconf 90' lang='lat' dir='ltr'>cum</span> <span class='ocrx_word' id='word_1_114' title='bbox 978 2344 1161 2410; x_wconf 91' lang='lat' dir='ltr'>hominum</span> <span class='ocrx_word' id='word_1_115' title='bbox 1184 2349 1315 2409; x_wconf 91' lang='lat' dir='ltr'>mentes</span> <span class='ocrx_word' id='word_1_116' title='bbox 1327 2343 1459 2410; x_wconf 91' lang='lat' dir='ltr'>imbue·</span> 
     </span>
     <span class='ocr_line' id='line_1_18' title="bbox 288 2454 1458 2544; baseline 0 -23"><span class='ocrx_word' id='word_1_117' title='bbox 288 2454 347 2521; x_wconf 89' lang='lat' dir='ltr'>bat</span> <span class='ocrx_word' id='word_1_118' title='bbox 379 2457 548 2543; x_wconf 91' lang='lat' dir='ltr'>sapientia</span> <span class='ocrx_word' id='word_1_119' title='bbox 570 2456 703 2538; x_wconf 87' lang='lat' dir='ltr'>Stoica;</span> <span class='ocrx_word' id='word_1_120' title='bbox 729 2479 816 2544; x_wconf 90' lang='lat' dir='ltr'>quae</span> <span class='ocrx_word' id='word_1_121' title='bbox 840 2457 919 2524; x_wconf 89' lang='lat' dir='ltr'>licet</span> <span class='ocrx_word' id='word_1_122' title='bbox 942 2479 963 2522; x_wconf 91' lang='lat' dir='ltr'>a</span> <span class='ocrx_word' id='word_1_123' title='bbox 986 2456 1180 2523; x_wconf 79' lang='lat' dir='ltr'>Christiana</span> <span class='ocrx_word' id='word_1_124' title='bbox 1198 2455 1363 2542; x_wconf 86' lang='lat' dir='ltr'>religione</span> <span class='ocrx_word' id='word_1_125' title='bbox 1387 2479 1458 2522; x_wconf 93' lang='lat' dir='ltr'>non</span> 
     </span>
     <span class='ocr_line' id='line_1_19' title="bbox 288 2569 1459 2657; baseline 0 -23"><span class='ocrx_word' id='word_1_126' title='bbox 288 2569 433 2656; x_wconf 92' lang='lat' dir='ltr'>paulum</span> <span class='ocrx_word' id='word_1_127' title='bbox 466 2570 681 2657; x_wconf 88' lang='lat' dir='ltr'>discreparet,</span> <span class='ocrx_word' id='word_1_128' title='bbox 715 2571 763 2636; x_wconf 91' lang='lat' dir='ltr'>ita</span> <span class='ocrx_word' id='word_1_129' title='bbox 785 2578 902 2637; x_wconf 88' lang='lat' dir='ltr'>tamen</span> <span class='ocrx_word' id='word_1_130' title='bbox 924 2571 1107 2636; x_wconf 90' lang='lat' dir='ltr'>ambarum</span> <span class='ocrx_word' id='word_1_131' title='bbox 1129 2570 1363 2637; x_wconf 88' lang='lat' dir='ltr'>doctrinarum</span> <span class='ocrx_word' id='word_1_132' title='bbox 1386 2576 1459 2636; x_wconf 89' lang='lat' dir='ltr'>erat</span> 
     </span>
     <span class='ocr_line' id='line_1_20' title="bbox 289 2683 1459 2772; baseline 0 -24"><span class='ocrx_word' id='word_1_133' title='bbox 289 2683 431 2770; x_wconf 90' lang='lat' dir='ltr'>quidam</span> <span class='ocrx_word' id='word_1_134' title='bbox 464 2685 561 2770; x_wconf 91' lang='lat' dir='ltr'>quasi</span> <span class='ocrx_word' id='word_1_135' title='bbox 585 2706 768 2751; x_wconf 89' lang='lat' dir='ltr'>consensus</span> <span class='ocrx_word' id='word_1_136' title='bbox 791 2690 1055 2772; x_wconf 90' lang='lat' dir='ltr'>concentusque,</span> <span class='ocrx_word' id='word_1_137' title='bbox 1079 2690 1117 2749; x_wconf 91' lang='lat' dir='ltr'>ut</span> <span class='ocrx_word' id='word_1_138' title='bbox 1140 2689 1284 2771; x_wconf 86' lang='lat' dir='ltr'>utraque</span> <span class='ocrx_word' id='word_1_139' title='bbox 1308 2683 1459 2748; x_wconf 92' lang='lat' dir='ltr'>multum</span> 
     </span>
     <span class='ocr_line' id='line_1_21' title="bbox 288 2797 1458 2882; baseline -0.002 -18"><span class='ocrx_word' id='word_1_140' title='bbox 288 2797 417 2864; x_wconf 90' lang='lat' dir='ltr'>valeret</span> <span class='ocrx_word' id='word_1_141' title='bbox 439 2798 481 2863; x_wconf 89' lang='lat' dir='ltr'>ad</span> <span class='ocrx_word' id='word_1_142' title='bbox 506 2798 689 2864; x_wconf 91' lang='lat' dir='ltr'>hominum</span> <span class='ocrx_word' id='word_1_143' title='bbox 713 2805 844 2864; x_wconf 89' lang='lat' dir='ltr'>mentes</span> <span class='ocrx_word' id='word_1_144' title='bbox 867 2799 967 2864; x_wconf 90' lang='lat' dir='ltr'>mites</span> <span class='ocrx_word' id='word_1_145' title='bbox 982 2805 1016 2864; x_wconf 91' lang='lat' dir='ltr'>et</span> <span class='ocrx_word' id='word_1_146' title='bbox 1027 2804 1223 2864; x_wconf 89' lang='lat' dir='ltr'>mansuetas</span> <span class='ocrx_word' id='word_1_147' title='bbox 1235 2797 1416 2864; x_wconf 81' lang='lat' dir='ltr'>faciendas</span> <span class='ocrx_word' id='word_1_148' title='bbox 1429 2799 1458 2882; x_wconf 77' lang='grc'>4)</span> 
     </span>
     <span class='ocr_line' id='line_1_22' title="bbox 287 2909 1458 2998; baseline -0.002 -21"><span class='ocrx_word' id='word_1_149' title='bbox 287 2910 480 2979; x_wconf 89' lang='lat' dir='ltr'>Benevolus</span> <span class='ocrx_word' id='word_1_150' title='bbox 502 2912 751 2998; x_wconf 90' lang='lat' dir='ltr'>imperatorum</span> <span class='ocrx_word' id='word_1_151' title='bbox 776 2913 913 2978; x_wconf 93' lang='lat' dir='ltr'>animus</span> <span class='ocrx_word' id='word_1_152' title='bbox 936 2918 1052 2998; x_wconf 90' lang='lat' dir='ltr'>aperte</span> <span class='ocrx_word' id='word_1_153' title='bbox 1075 2911 1187 2978; x_wconf 90' lang='lat' dir='ltr'>elucet</span> <span class='ocrx_word' id='word_1_154' title='bbox 1208 2933 1252 2977; x_wconf 84' lang='lat' dir='ltr'>ex</span> <span class='ocrx_word' id='word_1_155' title='bbox 1268 2909 1376 2976; x_wconf 88' lang='lat' dir='ltr'>titulis</span> <span class='ocrx_word' id='word_1_156' title='bbox 1388 2932 1458 2976; x_wconf 92' lang='lat' dir='ltr'>non</span> 
     </span>
    </p>
   </div>
   <div class='ocr_carea' id='block_1_3' title="bbox 286 3185 1460 4246">
    <p class='ocr_par' dir='ltr' id='par_1_4' title="bbox 286 3185 1460 3915">
     <span class='ocr_line' id='line_1_23' title="bbox 325 3185 1460 3251; baseline 0 -17"><span class='ocrx_word' id='word_1_157' title='bbox 325 3188 341 3247; x_wconf 87' lang='lat'>¹)</span> <span class='ocrx_word' id='word_1_158' title='bbox 374 3187 471 3251; x_wconf 87' lang='lat' dir='ltr'>Ulpian.</span> <span class='ocrx_word' id='word_1_159' title='bbox 498 3188 552 3250; x_wconf 90' lang='lat' dir='ltr'>Dig.</span> <span class='ocrx_word' id='word_1_160' title='bbox 579 3187 704 3243; x_wconf 81' lang='lat' dir='ltr'>xxxllll,</span> <span class='ocrx_word' id='word_1_161' title='bbox 732 3187 754 3243; x_wconf 89' lang='lat' dir='ltr'>l,</span> <span class='ocrx_word' id='word_1_162' title='bbox 782 3187 821 3244; x_wconf 82' lang='lat'>14,</span> <span class='ocrx_word' id='word_1_163' title='bbox 849 3188 879 3234; x_wconf 90' lang='lat' dir='ltr'>l:</span> <span class='ocrx_word' id='word_1_164' title='bbox 908 3188 991 3250; x_wconf 79' lang='lat' dir='ltr'>„Certe</span> <span class='ocrx_word' id='word_1_165' title='bbox 1010 3187 1030 3235; x_wconf 84' lang='lat' dir='ltr'>si</span> <span class='ocrx_word' id='word_1_166' title='bbox 1049 3203 1123 3250; x_wconf 83' lang='lat' dir='ltr'>usqne</span> <span class='ocrx_word' id='word_1_167' title='bbox 1140 3186 1169 3234; x_wconf 90' lang='lat' dir='ltr'>ad</span> <span class='ocrx_word' id='word_1_168' title='bbox 1185 3185 1329 3251; x_wconf 77' lang='lat' dir='ltr'>pubertatem</span> <span class='ocrx_word' id='word_1_169' title='bbox 1346 3186 1460 3235; x_wconf 81' lang='lat' dir='ltr'>alimenta</span> 
     </span>
     <span class='ocr_line' id='line_1_24' title="bbox 289 3269 1459 3334; baseline 0 -17"><span class='ocrx_word' id='word_1_170' title='bbox 289 3269 461 3333; x_wconf 87' lang='lat' dir='ltr'>relinquantur,</span> <span class='ocrx_word' id='word_1_171' title='bbox 479 3271 498 3318; x_wconf 85' lang='lat' dir='ltr'>si</span> <span class='ocrx_word' id='word_1_172' title='bbox 516 3271 570 3333; x_wconf 83' lang='lat' dir='ltr'>quis</span> <span class='ocrx_word' id='word_1_173' title='bbox 584 3269 719 3333; x_wconf 82' lang='lat' dir='ltr'>exemplum</span> <span class='ocrx_word' id='word_1_174' title='bbox 736 3270 912 3328; x_wconf 87' lang='lat' dir='ltr'>alimentorum,</span> <span class='ocrx_word' id='word_1_175' title='bbox 930 3286 989 3334; x_wconf 83' lang='lat' dir='ltr'>quae</span> <span class='ocrx_word' id='word_1_176' title='bbox 1006 3270 1096 3317; x_wconf 88' lang='lat' dir='ltr'>dudum</span> <span class='ocrx_word' id='word_1_177' title='bbox 1114 3269 1194 3333; x_wconf 86' lang='lat' dir='ltr'>pueris</span> <span class='ocrx_word' id='word_1_178' title='bbox 1205 3273 1229 3317; x_wconf 82' lang='lat' dir='ltr'>et</span> <span class='ocrx_word' id='word_1_179' title='bbox 1238 3269 1326 3332; x_wconf 77' lang='lat' dir='ltr'>puellis</span> <span class='ocrx_word' id='word_1_180' title='bbox 1335 3269 1459 3328; x_wconf 82' lang='lat' dir='ltr'>dabantur,</span> 
     </span>
     <span class='ocr_line' id='line_1_25' title="bbox 288 3351 1459 3416; baseline 0.001 -17"><span class='ocrx_word' id='word_1_181' title='bbox 288 3351 345 3400; x_wconf 88' lang='lat' dir='ltr'>velit</span> <span class='ocrx_word' id='word_1_182' title='bbox 371 3353 444 3416; x_wconf 83' lang='lat' dir='ltr'>sequi,</span> <span class='ocrx_word' id='word_1_183' title='bbox 471 3353 529 3400; x_wconf 87' lang='lat' dir='ltr'>sciat</span> <span class='ocrx_word' id='word_1_184' title='bbox 556 3352 705 3401; x_wconf 84' lang='lat' dir='ltr'>Hadrianum</span> <span class='ocrx_word' id='word_1_185' title='bbox 731 3354 891 3411; x_wconf 86' lang='lat' dir='ltr'>constituisse,</span> <span class='ocrx_word' id='word_1_186' title='bbox 918 3359 943 3400; x_wconf 90' lang='lat' dir='ltr'>nt</span> <span class='ocrx_word' id='word_1_187' title='bbox 970 3353 1038 3416; x_wconf 86' lang='lat' dir='ltr'>pueri</span> <span class='ocrx_word' id='word_1_188' title='bbox 1064 3369 1138 3416; x_wconf 88' lang='lat' dir='ltr'>usqne</span> <span class='ocrx_word' id='word_1_189' title='bbox 1160 3352 1189 3399; x_wconf 89' lang='lat' dir='ltr'>ad</span> <span class='ocrx_word' id='word_1_190' title='bbox 1206 3352 1323 3400; x_wconf 86' lang='lat' dir='ltr'>decimum</span> <span class='ocrx_word' id='word_1_191' title='bbox 1341 3357 1459 3410; x_wconf 88' lang='lat' dir='ltr'>octavum,</span> 
     </span>
     <span class='ocr_line' id='line_1_26' title="bbox 288 3435 1459 3499; baseline 0 -17"><span class='ocrx_word' id='word_1_192' title='bbox 288 3435 380 3499; x_wconf 87' lang='lat' dir='ltr'>puellae</span> <span class='ocrx_word' id='word_1_193' title='bbox 406 3452 479 3498; x_wconf 89' lang='lat' dir='ltr'>usque</span> <span class='ocrx_word' id='word_1_194' title='bbox 502 3436 531 3482; x_wconf 84' lang='lat' dir='ltr'>ad</span> <span class='ocrx_word' id='word_1_195' title='bbox 558 3441 668 3498; x_wconf 88' lang='lat' dir='ltr'>quartum</span> <span class='ocrx_word' id='word_1_196' title='bbox 694 3436 813 3483; x_wconf 87' lang='lat' dir='ltr'>decimum</span> <span class='ocrx_word' id='word_1_197' title='bbox 831 3452 919 3483; x_wconf 86' lang='lat' dir='ltr'>annum</span> <span class='ocrx_word' id='word_1_198' title='bbox 937 3436 1039 3493; x_wconf 85' lang='lat' dir='ltr'>alantur,</span> <span class='ocrx_word' id='word_1_199' title='bbox 1057 3441 1079 3482; x_wconf 74' lang='lat' dir='ltr'>rt</span> <span class='ocrx_word' id='word_1_200' title='bbox 1096 3436 1156 3482; x_wconf 86' lang='lat' dir='ltr'>hanc</span> <span class='ocrx_word' id='word_1_201' title='bbox 1174 3437 1273 3484; x_wconf 83' lang='lat' dir='ltr'>formam</span> <span class='ocrx_word' id='word_1_202' title='bbox 1290 3435 1319 3483; x_wconf 86' lang='lat' dir='ltr'>ab</span> <span class='ocrx_word' id='word_1_203' title='bbox 1337 3435 1459 3483; x_wconf 83' lang='lat' dir='ltr'>Hadriano</span> 
     </span>
     <span class='ocr_line' id='line_1_27' title="bbox 287 3517 1458 3583; baseline 0 -17"><span class='ocrx_word' id='word_1_204' title='bbox 287 3519 364 3567; x_wconf 87' lang='lat' dir='ltr'>datam</span> <span class='ocrx_word' id='word_1_205' title='bbox 390 3519 557 3566; x_wconf 85' lang='lat' dir='ltr'>observandam</span> <span class='ocrx_word' id='word_1_206' title='bbox 574 3535 622 3566; x_wconf 86' lang='lat' dir='ltr'>esse</span> <span class='ocrx_word' id='word_1_207' title='bbox 639 3519 765 3580; x_wconf 86' lang='lat' dir='ltr'>imperator</span> <span class='ocrx_word' id='word_1_208' title='bbox 780 3525 859 3566; x_wconf 87' lang='lat' dir='ltr'>noster</span> <span class='ocrx_word' id='word_1_209' title='bbox 877 3519 1002 3583; x_wconf 88' lang='lat' dir='ltr'>rescripsit.</span> <span class='ocrx_word' id='word_1_210' title='bbox 1020 3519 1060 3566; x_wconf 88' lang='lat' dir='ltr'>sed</span> <span class='ocrx_word' id='word_1_211' title='bbox 1077 3519 1121 3566; x_wconf 86' lang='lat' dir='ltr'>etei</span> <span class='ocrx_word' id='word_1_212' title='bbox 1138 3518 1278 3582; x_wconf 81' lang='lat' dir='ltr'>generaliter</span> <span class='ocrx_word' id='word_1_213' title='bbox 1290 3517 1400 3582; x_wconf 86' lang='lat' dir='ltr'>pubertas</span> <span class='ocrx_word' id='word_1_214' title='bbox 1409 3535 1458 3566; x_wconf 93' lang='lat' dir='ltr'>non</span> 
     </span>
     <span class='ocr_line' id='line_1_28' title="bbox 287 3601 1459 3667; baseline 0.002 -18"><span class='ocrx_word' id='word_1_215' title='bbox 287 3602 321 3650; x_wconf 84' lang='lat' dir='ltr'>aie</span> <span class='ocrx_word' id='word_1_216' title='bbox 346 3601 464 3660; x_wconf 88' lang='lat' dir='ltr'>definitur,</span> <span class='ocrx_word' id='word_1_217' title='bbox 490 3605 568 3650; x_wconf 86' lang='lat' dir='ltr'>tanren</span> <span class='ocrx_word' id='word_1_218' title='bbox 594 3602 687 3665; x_wconf 85' lang='lat' dir='ltr'>pietatis</span> <span class='ocrx_word' id='word_1_219' title='bbox 710 3602 799 3651; x_wconf 88' lang='lat' dir='ltr'>intuitu</span> <span class='ocrx_word' id='word_1_220' title='bbox 818 3603 843 3650; x_wconf 94' lang='lat' dir='ltr'>in</span> <span class='ocrx_word' id='word_1_221' title='bbox 861 3603 911 3650; x_wconf 88' lang='lat' dir='ltr'>sola</span> <span class='ocrx_word' id='word_1_222' title='bbox 929 3603 1005 3667; x_wconf 85' lang='lat' dir='ltr'>specie</span> <span class='ocrx_word' id='word_1_223' title='bbox 1021 3601 1186 3650; x_wconf 86' lang='lat' dir='ltr'>alimentorum</span> <span class='ocrx_word' id='word_1_224' title='bbox 1206 3601 1249 3650; x_wconf 80' lang='lat' dir='ltr'>ltoo</span> <span class='ocrx_word' id='word_1_225' title='bbox 1266 3606 1359 3666; x_wconf 86' lang='lat' dir='ltr'>ternpus</span> <span class='ocrx_word' id='word_1_226' title='bbox 1376 3603 1459 3651; x_wconf 85' lang='lat' dir='ltr'>aetatis</span> 
     </span>
     <span class='ocr_line' id='line_1_29' title="bbox 286 3685 1458 3750; baseline 0.002 -18"><span class='ocrx_word' id='word_1_227' title='bbox 286 3701 335 3733; x_wconf 81' lang='lat' dir='ltr'>ease</span> <span class='ocrx_word' id='word_1_228' title='bbox 356 3685 528 3733; x_wconf 85' lang='lat' dir='ltr'>observandum</span> <span class='ocrx_word' id='word_1_229' title='bbox 545 3701 592 3733; x_wconf 92' lang='lat' dir='ltr'>non</span> <span class='ocrx_word' id='word_1_230' title='bbox 610 3689 645 3733; x_wconf 86' lang='lat' dir='ltr'>est</span> <span class='ocrx_word' id='word_1_231' title='bbox 662 3685 785 3733; x_wconf 84' lang='lat' dir='ltr'>incivile.&#39;&#39;</span> <span class='ocrx_word' id='word_1_232' title='bbox 818 3685 1023 3734; x_wconf 80' lang='lat' dir='ltr'>Tarracinensium</span> <span class='ocrx_word' id='word_1_233' title='bbox 1042 3686 1120 3750; x_wconf 83' lang='lat' dir='ltr'>pneris</span> <span class='ocrx_word' id='word_1_234' title='bbox 1138 3688 1247 3749; x_wconf 78' lang='lat' dir='ltr'>„ueq(ue)</span> <span class='ocrx_word' id='word_1_235' title='bbox 1264 3687 1293 3734; x_wconf 83' lang='lat' dir='ltr'>ad</span> <span class='ocrx_word' id='word_1_236' title='bbox 1301 3702 1376 3733; x_wconf 80' lang='lat' dir='ltr'>annos</span> <span class='ocrx_word' id='word_1_237' title='bbox 1385 3685 1458 3734; x_wconf 89' lang='lat' dir='ltr'>XVl’&#39;</span> 
     </span>
     <span class='ocr_line' id='line_1_30' title="bbox 287 3767 1459 3831; baseline 0.001 -16"><span class='ocrx_word' id='word_1_238' title='bbox 287 3767 388 3831; x_wconf 76' lang='lat' dir='ltr'>singulis</span> <span class='ocrx_word' id='word_1_239' title='bbox 410 3768 530 3816; x_wconf 83' lang='lat' dir='ltr'>mensibus</span> <span class='ocrx_word' id='word_1_240' title='bbox 556 3767 645 3816; x_wconf 86' lang='lat' dir='ltr'>denarii</span> <span class='ocrx_word' id='word_1_241' title='bbox 674 3768 692 3814; x_wconf 91' lang='lat' dir='ltr'>V</span> <span class='ocrx_word' id='word_1_242' title='bbox 719 3768 835 3816; x_wconf 87' lang='lat' dir='ltr'>dabantur</span> <span class='ocrx_word' id='word_1_243' title='bbox 851 3768 1020 3816; x_wconf 81' lang='lat' dir='ltr'>alimentorum</span> <span class='ocrx_word' id='word_1_244' title='bbox 1035 3768 1137 3816; x_wconf 88' lang='lat' dir='ltr'>nomine.</span> <span class='ocrx_word' id='word_1_245' title='bbox 1172 3768 1217 3826; x_wconf 69' lang='lat' dir='ltr'>(De</span> <span class='ocrx_word' id='word_1_246' title='bbox 1234 3767 1278 3816; x_wconf 89' lang='lat' dir='ltr'>hac</span> <span class='ocrx_word' id='word_1_247' title='bbox 1296 3769 1459 3816; x_wconf 86' lang='lat' dir='ltr'>munificentia</span> 
     </span>
     <span class='ocr_line' id='line_1_31' title="bbox 287 3850 1265 3915; baseline 0 -16"><span class='ocrx_word' id='word_1_248' title='bbox 287 3855 363 3898; x_wconf 76' lang='lat' dir='ltr'>tunam</span> <span class='ocrx_word' id='word_1_249' title='bbox 382 3867 419 3899; x_wconf 89' lang='lat' dir='ltr'>me</span> <span class='ocrx_word' id='word_1_250' title='bbox 436 3851 554 3899; x_wconf 86' lang='lat' dir='ltr'>dicturum</span> <span class='ocrx_word' id='word_1_251' title='bbox 572 3867 621 3899; x_wconf 85' lang='lat' dir='ltr'>esse</span> <span class='ocrx_word' id='word_1_252' title='bbox 639 3851 664 3899; x_wconf 94' lang='lat' dir='ltr'>in</span> <span class='ocrx_word' id='word_1_253' title='bbox 681 3850 753 3899; x_wconf 89' lang='lat' dir='ltr'>huius</span> <span class='ocrx_word' id='word_1_254' title='bbox 771 3851 828 3899; x_wconf 88' lang='lat' dir='ltr'>libri</span> <span class='ocrx_word' id='word_1_255' title='bbox 846 3852 914 3899; x_wconf 83' lang='lat' dir='ltr'>tertia</span> <span class='ocrx_word' id='word_1_256' title='bbox 932 3855 997 3915; x_wconf 87' lang='lat' dir='ltr'>parte</span> <span class='ocrx_word' id='word_1_257' title='bbox 1014 3867 1084 3914; x_wconf 87' lang='lat' dir='ltr'>supra</span> <span class='ocrx_word' id='word_1_258' title='bbox 1101 3852 1147 3899; x_wconf 86' lang='lat' dir='ltr'>iarn</span> <span class='ocrx_word' id='word_1_259' title='bbox 1167 3851 1265 3908; x_wconf 74' lang='lat' dir='ltr'>monui.)</span> 
     </span>
    </p>

    <p class='ocr_par' dir='ltr' id='par_1_5' title="bbox 287 3933 1458 4081">
     <span class='ocr_line' id='line_1_32' title="bbox 320 3933 1458 3998; baseline 0.001 -16"><span class='ocrx_word' id='word_1_260' title='bbox 320 3933 340 3991; x_wconf 81' lang='lat'>²)</span> <span class='ocrx_word' id='word_1_261' title='bbox 373 3934 409 3981; x_wconf 82' lang='lat' dir='ltr'>Cf.</span> <span class='ocrx_word' id='word_1_262' title='bbox 436 3935 532 3982; x_wconf 86' lang='lat' dir='ltr'>Henzen</span> <span class='ocrx_word' id='word_1_263' title='bbox 558 3933 575 3985; x_wconf 94' lang='lat' dir='ltr'>l.</span> <span class='ocrx_word' id='word_1_264' title='bbox 589 3934 606 3983; x_wconf 95' lang='grc'>1,</span> <span class='ocrx_word' id='word_1_265' title='bbox 632 3951 683 3998; x_wconf 87' lang='lat' dir='ltr'>pag.</span> <span class='ocrx_word' id='word_1_266' title='bbox 708 3934 755 3990; x_wconf 72' lang='lat'>32,</span> <span class='ocrx_word' id='word_1_267' title='bbox 774 3935 851 3998; x_wconf 84' lang='lat' dir='ltr'>Marq.</span> <span class='ocrx_word' id='word_1_268' title='bbox 869 3935 924 3983; x_wconf 88' lang='lat' dir='ltr'>StV.</span> <span class='ocrx_word' id='word_1_269' title='bbox 942 3934 979 3982; x_wconf 77' lang='lat'>11²</span> <span class='ocrx_word' id='word_1_270' title='bbox 993 3950 1045 3998; x_wconf 82' lang='lat' dir='ltr'>pag.</span> <span class='ocrx_word' id='word_1_271' title='bbox 1064 3935 1128 3991; x_wconf 75' lang='lat'>1453</span> <span class='ocrx_word' id='word_1_272' title='bbox 1148 3934 1259 3982; x_wconf 84' lang='lat' dir='ltr'>Momma.</span> <span class='ocrx_word' id='word_1_273' title='bbox 1271 3935 1331 3982; x_wconf 71' lang='lat' dir='ltr'>stit.</span> <span class='ocrx_word' id='word_1_274' title='bbox 1349 3934 1387 3982; x_wconf 91' lang='grc' dir='ltr'>ΙΙΙ</span> <span class='ocrx_word' id='word_1_275' title='bbox 1404 3950 1458 3998; x_wconf 83' lang='lat' dir='ltr'>pag.</span> 
     </span>
     <span class='ocr_line' id='line_1_33' title="bbox 287 4015 899 4081; baseline 0.003 -19"><span class='ocrx_word' id='word_1_276' title='bbox 287 4015 335 4067; x_wconf 78' lang='lat'>447</span> <span class='ocrx_word' id='word_1_277' title='bbox 353 4031 400 4079; x_wconf 85' lang='lat' dir='ltr'>seq.</span> <span class='ocrx_word' id='word_1_278' title='bbox 419 4017 481 4075; x_wconf 86' lang='lat' dir='ltr'>(vide</span> <span class='ocrx_word' id='word_1_279' title='bbox 499 4033 570 4080; x_wconf 78' lang='lat' dir='ltr'>supra</span> <span class='ocrx_word' id='word_1_280' title='bbox 586 4034 638 4081; x_wconf 83' lang='lat' dir='ltr'>pag.</span> <span class='ocrx_word' id='word_1_281' title='bbox 657 4017 704 4065; x_wconf 80' lang='lat'>159</span> <span class='ocrx_word' id='word_1_282' title='bbox 723 4032 778 4064; x_wconf 86' lang='lat' dir='ltr'>cum</span> <span class='ocrx_word' id='word_1_283' title='bbox 794 4017 848 4065; x_wconf 80' lang='lat' dir='ltr'>adn.</span> <span class='ocrx_word' id='word_1_284' title='bbox 868 4019 899 4077; x_wconf 89' lang='lat'>5.)</span> 
     </span>
    </p>

    <p class='ocr_par' dir='ltr' id='par_1_6' title="bbox 319 4097 664 4163">
     <span class='ocr_line' id='line_1_34' title="bbox 319 4097 664 4163; baseline 0.009 -18"><span class='ocrx_word' id='word_1_285' title='bbox 319 4097 339 4156; x_wconf 70' lang='lat'>³)</span> <span class='ocrx_word' id='word_1_286' title='bbox 373 4098 405 4145; x_wconf 84' lang='lat' dir='ltr'>cf</span> <span class='ocrx_word' id='word_1_287' title='bbox 428 4099 536 4148; x_wconf 87' lang='lat' dir='ltr'>Prooem.</span> <span class='ocrx_word' id='word_1_288' title='bbox 554 4116 606 4163; x_wconf 85' lang='lat' dir='ltr'>pag.</span> <span class='ocrx_word' id='word_1_289' title='bbox 625 4100 664 4148; x_wconf 80' lang='lat'>14.</span> 
     </span>
    </p>

    <p class='ocr_par' dir='ltr' id='par_1_7' title="bbox 319 4180 1146 4246">
     <span class='ocr_line' id='line_1_35' title="bbox 319 4180 1146 4246; baseline 0.002 -18"><span class='ocrx_word' id='word_1_290' title='bbox 319 4180 341 4240; x_wconf 76' lang='lat'>⁴)</span> <span class='ocrx_word' id='word_1_291' title='bbox 376 4180 410 4228; x_wconf 87' lang='lat' dir='ltr'>De</span> <span class='ocrx_word' id='word_1_292' title='bbox 426 4180 469 4229; x_wconf 90' lang='lat' dir='ltr'>hoo</span> <span class='ocrx_word' id='word_1_293' title='bbox 487 4180 537 4228; x_wconf 91' lang='lat' dir='ltr'>loco</span> <span class='ocrx_word' id='word_1_294' title='bbox 555 4182 625 4246; x_wconf 85' lang='lat' dir='ltr'>paulo</span> <span class='ocrx_word' id='word_1_295' title='bbox 642 4183 712 4246; x_wconf 88' lang='lat' dir='ltr'>plura</span> <span class='ocrx_word' id='word_1_296' title='bbox 728 4182 778 4230; x_wconf 88' lang='lat' dir='ltr'>dixi</span> <span class='ocrx_word' id='word_1_297' title='bbox 796 4182 822 4230; x_wconf 94' lang='lat' dir='ltr'>in</span> <span class='ocrx_word' id='word_1_298' title='bbox 838 4183 945 4231; x_wconf 89' lang='lat' dir='ltr'>Prooem.</span> <span class='ocrx_word' id='word_1_299' title='bbox 963 4199 1014 4246; x_wconf 87' lang='lat' dir='ltr'>pag.</span> <span class='ocrx_word' id='word_1_300' title='bbox 1035 4183 1064 4230; x_wconf 84' lang='grc'>13</span> <span class='ocrx_word' id='word_1_301' title='bbox 1083 4198 1146 4246; x_wconf 85' lang='lat' dir='ltr'>seqq.</span> 
     </span>
    </p>
   </div>
   <div class='ocr_carea' id='block_1_4' title="bbox 0 0 1654 5008">
    <p class='ocr_par' dir='ltr' id='par_1_8' title="bbox 0 0 1654 5008">
     <span class='ocr_line' id='line_1_36' title="bbox 0 0 1654 5008; baseline 0 0"><span class='ocrx_word' id='word_1_302' title='bbox 0 0 1654 5008; x_wconf 95' lang='lat' dir='ltr'> </span> 
     </span>
    </p>
   </div>
  </div>
 </body>
</html>
