<?xml version="1.0" encoding="UTF-8"?>
<!DOCTYPE html PUBLIC "-//W3C//DTD XHTML 1.0 Transitional//EN"
    "http://www.w3.org/TR/xhtml1/DTD/xhtml1-transitional.dtd">
<html xmlns="http://www.w3.org/1999/xhtml" xml:lang="en" lang="en">
 <head>
  <title>
</title>
<meta http-equiv="Content-Type" content="text/html;charset=utf-8" />
  <meta name='ocr-system' content='tesseract 3.04.00' />
  <meta name='ocr-capabilities' content='ocr_page ocr_carea ocr_par ocr_line ocrx_word'/>
</head>
<body>
  <div class='ocr_page' id='page_1' title='image "./depauperumcuraa00essegoog_0109.png"; bbox 0 0 3274 4998; ppageno 0'>
   <div class='ocr_carea' id='block_1_1' title="bbox 709 491 751 556">
    <p class='ocr_par' dir='ltr' id='par_1_1' title="bbox 607 455 751 556">
     <span class='ocr_line' id='line_1_1' title="bbox 709 491 751 556; baseline 0.007 -0.292"><span class='ocrx_word' id='word_1_1' title='bbox 709 491 751 556; x_wconf 86' lang='lat'><strong>91</strong></span> 
     </span>
    </p>
   </div>
   <div class='ocr_carea' id='block_1_2' title="bbox 185 664 1318 744">
    <p class='ocr_par' dir='ltr' id='par_1_2' title="bbox 185 664 1318 744">
     <span class='ocr_line' id='line_1_2' title="bbox 185 664 1318 744; baseline -0.003 -14"><span class='ocrx_word' id='word_1_2' title='bbox 185 665 282 744; x_wconf 80' lang='lat' dir='ltr'><strong>Quae</strong></span> <span class='ocrx_word' id='word_1_3' title='bbox 305 665 453 732; x_wconf 79' lang='lat' dir='ltr'><strong>Gracchi</strong></span> <span class='ocrx_word' id='word_1_4' title='bbox 474 665 694 734; x_wconf 78' lang='lat' dir='ltr'><strong>instituerant</strong></span> <span class='ocrx_word' id='word_1_5' title='bbox 717 668 803 736; x_wconf 85' lang='lat' dir='ltr'><strong>Gaio</strong></span> <span class='ocrx_word' id='word_1_6' title='bbox 827 667 936 735; x_wconf 88' lang='lat' dir='ltr'><strong>occiso</strong></span> <span class='ocrx_word' id='word_1_7' title='bbox 955 688 1037 732; x_wconf 86' lang='lat' dir='ltr'><strong>mox</strong></span> <span class='ocrx_word' id='word_1_8' title='bbox 1062 664 1196 732; x_wconf 86' lang='lat' dir='ltr'><strong>sublata</strong></span> <span class='ocrx_word' id='word_1_9' title='bbox 1223 667 1318 744; x_wconf 84' lang='lat' dir='ltr'><strong>sunt,-</strong></span> 
     </span>
    </p>
   </div>
   <div class='ocr_carea' id='block_1_3' title="bbox 139 777 1384 3017">
    <p class='ocr_par' dir='ltr' id='par_1_3' title="bbox 139 777 1320 2222">
     <span class='ocr_line' id='line_1_3' title="bbox 141 777 1311 869; baseline 0 -27"><span class='ocrx_word' id='word_1_10' title='bbox 141 777 238 843; x_wconf 88' lang='lat' dir='ltr'><strong>euius</strong></span> <span class='ocrx_word' id='word_1_11' title='bbox 261 779 312 844; x_wconf 91' lang='lat' dir='ltr'><strong>rei</strong></span> <span class='ocrx_word' id='word_1_12' title='bbox 334 779 500 845; x_wconf 89' lang='lat' dir='ltr'><strong>memoria</strong></span> <span class='ocrx_word' id='word_1_13' title='bbox 522 779 698 847; x_wconf 91' lang='lat' dir='ltr'><strong>invenitur</strong></span> <span class='ocrx_word' id='word_1_14' title='bbox 719 782 812 869; x_wconf 90' lang='lat' dir='ltr'><strong>apud</strong></span> <span class='ocrx_word' id='word_1_15' title='bbox 823 781 1044 868; x_wconf 85' lang='lat' dir='ltr'><strong>Appianum:</strong></span> <span class='ocrx_word' id='word_1_16' title='bbox 1075 786 1140 854; x_wconf 67' lang='grc' dir='ltr'><strong>,καὶ</strong></span> <span class='ocrx_word' id='word_1_17' title='bbox 1166 785 1311 853; x_wconf 79' lang='grc' dir='ltr'><strong>ὴστάσις</strong></span> 
     </span>
     <span class='ocr_line' id='line_1_4' title="bbox 140 886 1312 973; baseline -0.003 -23"><span class='ocrx_word' id='word_1_18' title='bbox 140 892 168 960; x_wconf 83' lang='grc' dir='ltr'><strong>ἡΙ</strong></span> <span class='ocrx_word' id='word_1_19' title='bbox 181 895 234 950; x_wconf 79' lang='grc' dir='ltr'><strong>τοῦ</strong></span> <span class='ocrx_word' id='word_1_20' title='bbox 257 890 392 966; x_wconf 78' lang='grc' dir='ltr'><strong>δευτέρου</strong></span> <span class='ocrx_word' id='word_1_21' title='bbox 417 891 560 973; x_wconf 77' lang='grc' dir='ltr'><strong>Γράκχου</strong></span> <span class='ocrx_word' id='word_1_22' title='bbox 585 890 614 963; x_wconf 87' lang='grc' dir='ltr'><strong>ές</strong></span> <span class='ocrx_word' id='word_1_23' title='bbox 641 895 715 956; x_wconf 88' lang='grc' dir='ltr'><strong>τάδε</strong></span> <span class='ocrx_word' id='word_1_24' title='bbox 745 893 845 969; x_wconf 80' lang='grc' dir='ltr'><em>ἔληγε·</em></span> <span class='ocrx_word' id='word_1_25' title='bbox 876 895 966 970; x_wconf 78' lang='grc' dir='ltr'><strong>νόμος</strong></span> <span class='ocrx_word' id='word_1_26' title='bbox 986 914 1020 952; x_wconf 86' lang='grc' dir='ltr'><strong>τε</strong></span> <span class='ocrx_word' id='word_1_27' title='bbox 1041 889 1072 951; x_wconf 77' lang='grc' dir='ltr'><strong>οὐ</strong></span> <span class='ocrx_word' id='word_1_28' title='bbox 1092 889 1170 950; x_wconf 76' lang='grc' dir='ltr'><strong>πολὺ</strong></span> <span class='ocrx_word' id='word_1_29' title='bbox 1190 886 1312 962; x_wconf 71' lang='grc' dir='ltr'><strong>ὕστερον</strong></span> 
     </span>
     <span class='ocr_line' id='line_1_5' title="bbox 139 989 1313 1078; baseline -0.005 -22"><span class='ocrx_word' id='word_1_30' title='bbox 139 993 282 1071; x_wconf 65' lang='grc' dir='ltr'><strong>ἐκυρώθη,</strong></span> <span class='ocrx_word' id='word_1_31' title='bbox 303 993 359 1062; x_wconf 79' lang='grc' dir='ltr'><strong>τὴν</strong></span> <span class='ocrx_word' id='word_1_32' title='bbox 377 1004 444 1070; x_wconf 74' lang='grc' dir='ltr'><strong>γῆν,</strong></span> <span class='ocrx_word' id='word_1_33' title='bbox 466 993 538 1072; x_wconf 77' lang='grc' dir='ltr'><strong>ὑπὲρ</strong></span> <span class='ocrx_word' id='word_1_34' title='bbox 558 989 593 1067; x_wconf 78' lang='grc' dir='ltr'><strong>ἧς</strong></span> <span class='ocrx_word' id='word_1_35' title='bbox 613 998 784 1076; x_wconf 86' lang='grc' dir='ltr'><strong>διεφέροντο,</strong></span> <span class='ocrx_word' id='word_1_36' title='bbox 806 996 906 1078; x_wconf 77' lang='grc' dir='ltr'><strong>ἐξεῖναι</strong></span> <span class='ocrx_word' id='word_1_37' title='bbox 927 997 1105 1071; x_wconf 84' lang='grc' dir='ltr'><strong>πιπράσκειν</strong></span> <span class='ocrx_word' id='word_1_38' title='bbox 1116 1004 1177 1063; x_wconf 89' lang='grc' dir='ltr'><strong>τοῖς</strong></span> <span class='ocrx_word' id='word_1_39' title='bbox 1188 991 1313 1072; x_wconf 86' lang='grc' dir='ltr'><strong>έχουσιν·</strong></span> 
     </span>
     <span class='ocr_line' id='line_1_6' title="bbox 142 1097 1314 1181; baseline -0.003 -23"><span class='ocrx_word' id='word_1_40' title='bbox 142 1099 283 1175; x_wconf 74' lang='grc' dir='ltr'><strong>ἀπείρητο</strong></span> <span class='ocrx_word' id='word_1_41' title='bbox 298 1098 361 1174; x_wconf 80' lang='grc' dir='ltr'><strong>γάρ</strong></span> <span class='ocrx_word' id='word_1_42' title='bbox 381 1097 414 1163; x_wconf 88' lang='grc' dir='ltr'><strong>έκ</strong></span> <span class='ocrx_word' id='word_1_43' title='bbox 435 1101 578 1181; x_wconf 89' lang='grc' dir='ltr'><strong>Γράκχου</strong></span> <span class='ocrx_word' id='word_1_44' title='bbox 597 1107 650 1162; x_wconf 82' lang='grc' dir='ltr'><strong>τοῦ</strong></span> <span class='ocrx_word' id='word_1_45' title='bbox 669 1102 812 1177; x_wconf 73' lang='grc' dir='ltr'><strong>προτέρου</strong></span> <span class='ocrx_word' id='word_1_46' title='bbox 825 1102 874 1164; x_wconf 83' lang='grc' dir='ltr'><strong>καὶ</strong></span> <span class='ocrx_word' id='word_1_47' title='bbox 888 1101 966 1160; x_wconf 81' lang='grc' dir='ltr'><strong>τάδε.</strong></span> <span class='ocrx_word' id='word_1_48' title='bbox 989 1099 1037 1163; x_wconf 83' lang='grc' dir='ltr'><strong>καί</strong></span> <span class='ocrx_word' id='word_1_49' title='bbox 1049 1097 1136 1168; x_wconf 61' lang='grc' dir='ltr'><strong>εὐθὺς</strong></span> <span class='ocrx_word' id='word_1_50' title='bbox 1147 1101 1169 1157; x_wconf 78' lang='grc' dir='ltr'><strong>οἱ</strong></span> <span class='ocrx_word' id='word_1_51' title='bbox 1181 1097 1314 1157; x_wconf 73' lang='grc' dir='ltr'><strong>πλούσιοι</strong></span> 
     </span>
     <span class='ocr_line' id='line_1_7' title="bbox 140 1200 1317 1284; baseline -0.004 -20"><span class='ocrx_word' id='word_1_52' title='bbox 140 1203 223 1280; x_wconf 84' lang='grc' dir='ltr'><strong>παρά</strong></span> <span class='ocrx_word' id='word_1_53' title='bbox 242 1211 303 1264; x_wconf 82' lang='grc' dir='ltr'><strong>τῶν</strong></span> <span class='ocrx_word' id='word_1_54' title='bbox 322 1207 456 1272; x_wconf 78' lang='grc' dir='ltr'><em>πενήτων</em></span> <span class='ocrx_word' id='word_1_55' title='bbox 474 1202 619 1279; x_wconf 77' lang='grc' dir='ltr'><strong>ἐωνοῦντο,</strong></span> <span class='ocrx_word' id='word_1_56' title='bbox 641 1203 659 1274; x_wconf 76' lang='grc' dir='ltr'>ἢ</span> <span class='ocrx_word' id='word_1_57' title='bbox 679 1207 783 1267; x_wconf 86' lang='grc' dir='ltr'><strong>ταῖσδε</strong></span> <span class='ocrx_word' id='word_1_58' title='bbox 804 1216 869 1276; x_wconf 74' lang='grc' dir='ltr'><strong>ταῖς</strong></span> <span class='ocrx_word' id='word_1_59' title='bbox 892 1206 1073 1284; x_wconf 79' lang='grc' dir='ltr'><strong>προφάσεσιν</strong></span> <span class='ocrx_word' id='word_1_60' title='bbox 1092 1201 1257 1279; x_wconf 74' lang='grc' dir='ltr'><strong>ἐβιάζοντο.</strong></span> <span class='ocrx_word' id='word_1_61' title='bbox 1268 1200 1317 1263; x_wconf 90' lang='grc' dir='ltr'><strong>καὶ</strong></span> 
     </span>
     <span class='ocr_line' id='line_1_8' title="bbox 142 1305 1318 1390; baseline -0.003 -23"><span class='ocrx_word' id='word_1_62' title='bbox 142 1316 242 1384; x_wconf 83' lang='grc' dir='ltr'><strong>περιῆν</strong></span> <span class='ocrx_word' id='word_1_63' title='bbox 272 1305 302 1378; x_wconf 88' lang='grc' dir='ltr'><strong>ές</strong></span> <span class='ocrx_word' id='word_1_64' title='bbox 332 1318 429 1389; x_wconf 84' lang='grc' dir='ltr'><strong>χεῖρον</strong></span> <span class='ocrx_word' id='word_1_65' title='bbox 453 1309 496 1370; x_wconf 85' lang='grc' dir='ltr'><strong>ἐ’τι</strong></span> <span class='ocrx_word' id='word_1_66' title='bbox 520 1319 581 1379; x_wconf 84' lang='grc' dir='ltr'><strong>τοῖς</strong></span> <span class='ocrx_word' id='word_1_67' title='bbox 601 1310 714 1382; x_wconf 81' lang='grc' dir='ltr'><strong>πένησι,</strong></span> <span class='ocrx_word' id='word_1_68' title='bbox 736 1311 826 1390; x_wconf 89' lang='grc' dir='ltr'><strong>μέχρι</strong></span> <span class='ocrx_word' id='word_1_69' title='bbox 848 1311 977 1384; x_wconf 73' lang='grc' dir='ltr'><strong>Σπόριος</strong></span> <span class='ocrx_word' id='word_1_70' title='bbox 998 1309 1098 1384; x_wconf 78' lang='grc' dir='ltr'><strong>Θόριος</strong></span> <span class='ocrx_word' id='word_1_71' title='bbox 1112 1307 1133 1382; x_wconf 86' lang='grc'><strong>1)</strong></span> <span class='ocrx_word' id='word_1_72' title='bbox 1154 1306 1318 1385; x_wconf 87' lang='grc' dir='ltr'><strong>δημαρχῶν</strong></span> 
     </span>
     <span class='ocr_line' id='line_1_9' title="bbox 141 1401 1317 1492; baseline -0.014 -9"><span class='ocrx_word' id='word_1_73' title='bbox 141 1409 317 1482; x_wconf 63' lang='grc' dir='ltr'><strong>ἕσηῪῆσαΤθ</strong></span> <span class='ocrx_word' id='word_1_74' title='bbox 353 1413 449 1490; x_wconf 65' lang='grc' dir='ltr'><strong>νόμον,</strong></span> <span class='ocrx_word' id='word_1_75' title='bbox 481 1413 536 1478; x_wconf 70' lang='grc' dir='ltr'><strong>τὴν</strong></span> <span class='ocrx_word' id='word_1_76' title='bbox 565 1411 620 1491; x_wconf 79' lang='grc' dir='ltr'><strong>μέν</strong></span> <span class='ocrx_word' id='word_1_77' title='bbox 652 1423 711 1490; x_wconf 77' lang='grc' dir='ltr'><strong>γῆν</strong></span> <span class='ocrx_word' id='word_1_78' title='bbox 741 1415 849 1492; x_wconf 90' lang='grc' dir='ltr'><strong>μηκέτι</strong></span> <span class='ocrx_word' id='word_1_79' title='bbox 879 1413 1029 1491; x_wconf 86' lang='grc' dir='ltr'><strong>διανέμειν,</strong></span> <span class='ocrx_word' id='word_1_80' title='bbox 1060 1411 1132 1471; x_wconf 78' lang='grc' dir='ltr'><strong>ἀλλ’</strong></span> <span class='ocrx_word' id='word_1_81' title='bbox 1161 1401 1227 1470; x_wconf 78' lang='grc' dir='ltr'><strong>εἶναι</strong></span> <span class='ocrx_word' id='word_1_82' title='bbox 1257 1416 1317 1469; x_wconf 85' lang='grc' dir='ltr'><strong>τῶν</strong></span> 
     </span>
     <span class='ocr_line' id='line_1_10' title="bbox 141 1512 1316 1598; baseline -0.003 -21"><span class='ocrx_word' id='word_1_83' title='bbox 141 1515 280 1597; x_wconf 84' lang='grc' dir='ltr'><strong>ἑχόντων,</strong></span> <span class='ocrx_word' id='word_1_84' title='bbox 302 1517 351 1579; x_wconf 87' lang='grc' dir='ltr'><strong>καί</strong></span> <span class='ocrx_word' id='word_1_85' title='bbox 371 1517 472 1596; x_wconf 79' lang='grc' dir='ltr'><strong>φόρους</strong></span> <span class='ocrx_word' id='word_1_86' title='bbox 492 1515 564 1592; x_wconf 79' lang='grc' dir='ltr'><strong>ὑπέρ</strong></span> <span class='ocrx_word' id='word_1_87' title='bbox 584 1517 676 1588; x_wconf 75' lang='grc' dir='ltr'><strong>αὐτῆς</strong></span> <span class='ocrx_word' id='word_1_88' title='bbox 698 1527 740 1597; x_wconf 81' lang='grc' dir='ltr'><strong>τῷ</strong></span> <span class='ocrx_word' id='word_1_89' title='bbox 761 1519 847 1598; x_wconf 79' lang='grc' dir='ltr'><strong>δήμῳ</strong></span> <span class='ocrx_word' id='word_1_90' title='bbox 867 1521 1104 1586; x_wconf 64' lang='grc' dir='ltr'><strong>κατατίθεσθαι,</strong></span> <span class='ocrx_word' id='word_1_91' title='bbox 1128 1514 1178 1578; x_wconf 79' lang='grc' dir='ltr'><strong>καί</strong></span> <span class='ocrx_word' id='word_1_92' title='bbox 1193 1512 1316 1574; x_wconf 82' lang='grc' dir='ltr'><strong>τάδετὰ</strong></span> 
     </span>
     <span class='ocr_line' id='line_1_11' title="bbox 143 1609 1317 1701; baseline -0.003 -20"><span class='ocrx_word' id='word_1_93' title='bbox 143 1623 291 1700; x_wconf 77' lang='grc' dir='ltr'><strong>χρήματα</strong></span> <span class='ocrx_word' id='word_1_94' title='bbox 312 1631 416 1701; x_wconf 79' lang='grc' dir='ltr'><strong>χωρεῖν</strong></span> <span class='ocrx_word' id='word_1_95' title='bbox 436 1619 465 1691; x_wconf 86' lang='grc' dir='ltr'><strong>ές</strong></span> <span class='ocrx_word' id='word_1_96' title='bbox 485 1623 634 1699; x_wconf 87' lang='grc' dir='ltr'><strong>διανομάς.</strong></span> <span class='ocrx_word' id='word_1_97' title='bbox 657 1621 729 1699; x_wconf 78' lang='grc' dir='ltr'><strong>ὅπερ</strong></span> <span class='ocrx_word' id='word_1_98' title='bbox 750 1609 793 1691; x_wconf 74' lang='grc' dir='ltr'><strong>ἦν·</strong></span> <span class='ocrx_word' id='word_1_99' title='bbox 804 1623 861 1701; x_wconf 87' lang='grc' dir='ltr'><strong>μέν</strong></span> <span class='ocrx_word' id='word_1_100' title='bbox 880 1645 926 1692; x_wconf 82' lang='grc' dir='ltr'><strong>τις</strong></span> <span class='ocrx_word' id='word_1_101' title='bbox 945 1632 1007 1692; x_wconf 83' lang='grc' dir='ltr'><strong>τοῖς</strong></span> <span class='ocrx_word' id='word_1_102' title='bbox 1027 1615 1130 1692; x_wconf 84' lang='grc' dir='ltr'><strong>πένησι</strong></span> <span class='ocrx_word' id='word_1_103' title='bbox 1140 1621 1317 1695; x_wconf 77' lang='grc' dir='ltr'><strong>παρηγορία,</strong></span> 
     </span>
     <span class='ocr_line' id='line_1_12' title="bbox 143 1719 1319 1806; baseline -0.003 -22"><span class='ocrx_word' id='word_1_104' title='bbox 143 1724 189 1784; x_wconf 86' lang='grc' dir='ltr'><strong>διά</strong></span> <span class='ocrx_word' id='word_1_105' title='bbox 221 1723 279 1794; x_wconf 82' lang='grc' dir='ltr'><strong>τὰς</strong></span> <span class='ocrx_word' id='word_1_106' title='bbox 306 1725 457 1802; x_wconf 87' lang='grc' dir='ltr'><strong>διανομάς,</strong></span> <span class='ocrx_word' id='word_1_107' title='bbox 487 1728 591 1806; x_wconf 76' lang='grc' dir='ltr'><strong>’ὄφελος</strong></span> <span class='ocrx_word' id='word_1_108' title='bbox 619 1727 647 1786; x_wconf 84' lang='grc' dir='ltr'><strong>δ’</strong></span> <span class='ocrx_word' id='word_1_109' title='bbox 669 1724 749 1788; x_wconf 76' lang='grc' dir='ltr'><strong>οὐδέν</strong></span> <span class='ocrx_word' id='word_1_110' title='bbox 775 1725 805 1796; x_wconf 80' lang='grc' dir='ltr'><strong>ἐς</strong></span> <span class='ocrx_word' id='word_1_111' title='bbox 830 1730 1053 1798; x_wconf 60' lang='grc' dir='ltr'><strong>πολυπληθίαν.</strong></span> <span class='ocrx_word' id='word_1_112' title='bbox 1085 1724 1170 1804; x_wconf 77' lang='grc' dir='ltr'><strong>ἅπαξ</strong></span> <span class='ocrx_word' id='word_1_113' title='bbox 1195 1719 1228 1784; x_wconf 86' lang='grc' dir='ltr'><strong>δέ</strong></span> <span class='ocrx_word' id='word_1_114' title='bbox 1258 1733 1319 1793; x_wconf 87' lang='grc' dir='ltr'><strong>τοῖς</strong></span> 
     </span>
     <span class='ocr_line' id='line_1_13' title="bbox 144 1826 1319 1911; baseline -0.002 -23"><span class='ocrx_word' id='word_1_115' title='bbox 144 1833 311 1909; x_wconf 85' lang='grc' dir='ltr'><strong>σοφίσμασι</strong></span> <span class='ocrx_word' id='word_1_116' title='bbox 332 1830 432 1890; x_wconf 87' lang='grc' dir='ltr'><strong>τοῖσδε</strong></span> <span class='ocrx_word' id='word_1_117' title='bbox 458 1835 511 1890; x_wconf 83' lang='grc' dir='ltr'><strong>τοῦ</strong></span> <span class='ocrx_word' id='word_1_118' title='bbox 539 1831 706 1911; x_wconf 83' lang='grc' dir='ltr'><strong>Γρακχείου</strong></span> <span class='ocrx_word' id='word_1_119' title='bbox 734 1832 822 1907; x_wconf 82' lang='grc' dir='ltr'><strong>νόμου</strong></span> <span class='ocrx_word' id='word_1_120' title='bbox 847 1830 1083 1906; x_wconf 61' lang='grc' dir='ltr'><strong>παραλυθέντος,</strong></span> <span class='ocrx_word' id='word_1_121' title='bbox 1119 1828 1240 1904; x_wconf 89' lang='grc' dir='ltr'><strong>άρίστου</strong></span> <span class='ocrx_word' id='word_1_122' title='bbox 1270 1826 1319 1890; x_wconf 86' lang='grc' dir='ltr'><strong>καὶ</strong></span> 
     </span>
     <span class='ocr_line' id='line_1_14' title="bbox 145 1929 1320 2015; baseline -0.002 -24"><span class='ocrx_word' id='word_1_123' title='bbox 145 1931 383 2013; x_wconf 82' lang='grc' dir='ltr'><strong>ὠφελιμωτάτου,</strong></span> <span class='ocrx_word' id='word_1_124' title='bbox 411 1933 433 1993; x_wconf 83' lang='grc' dir='ltr'><strong>εί</strong></span> <span class='ocrx_word' id='word_1_125' title='bbox 460 1932 579 1994; x_wconf 77' lang='grc' dir='ltr'><strong>ἐδύνατο</strong></span> <span class='ocrx_word' id='word_1_126' title='bbox 609 1940 795 2015; x_wconf 63' lang='grc' dir='ltr'><strong>πραχθῆναι,</strong></span> <span class='ocrx_word' id='word_1_127' title='bbox 826 1935 991 2012; x_wconf 69' lang='grc' dir='ltr'><strong>γενομένου,</strong></span> <span class='ocrx_word' id='word_1_128' title='bbox 1012 1934 1061 1997; x_wconf 86' lang='grc' dir='ltr'><strong>καὶ</strong></span> <span class='ocrx_word' id='word_1_129' title='bbox 1081 1931 1149 2002; x_wconf 73' lang='grc' dir='ltr'><strong>τοὺς</strong></span> <span class='ocrx_word' id='word_1_130' title='bbox 1169 1933 1268 2013; x_wconf 80' lang='grc' dir='ltr'><strong>φόρους</strong></span> <span class='ocrx_word' id='word_1_131' title='bbox 1288 1929 1320 1990; x_wconf 79' lang='grc' dir='ltr'><strong>οὒ</strong></span> 
     </span>
     <span class='ocr_line' id='line_1_15' title="bbox 145 2035 1319 2119; baseline -0.002 -23"><span class='ocrx_word' id='word_1_132' title='bbox 145 2035 224 2096; x_wconf 71' lang='grc' dir='ltr'><strong>πολὺ</strong></span> <span class='ocrx_word' id='word_1_133' title='bbox 244 2035 367 2112; x_wconf 73' lang='grc' dir='ltr'><strong>ὕστερον</strong></span> <span class='ocrx_word' id='word_1_134' title='bbox 388 2038 501 2099; x_wconf 77' lang='grc' dir='ltr'><strong>διέλυσε</strong></span> <span class='ocrx_word' id='word_1_135' title='bbox 522 2039 679 2119; x_wconf 72' lang='grc' dir='ltr'><strong>δήμαρχος</strong></span> <span class='ocrx_word' id='word_1_136' title='bbox 701 2038 809 2115; x_wconf 76' lang='grc' dir='ltr'><strong>ἕτερος,</strong></span> <span class='ocrx_word' id='word_1_137' title='bbox 832 2039 881 2102; x_wconf 83' lang='grc' dir='ltr'><strong>καὶ</strong></span> <span class='ocrx_word' id='word_1_138' title='bbox 902 2040 916 2099; x_wconf 84' lang='grc' dir='ltr'><strong>ὁ</strong></span> <span class='ocrx_word' id='word_1_139' title='bbox 936 2039 1030 2115; x_wconf 76' lang='grc' dir='ltr'><strong>δῆμος</strong></span> <span class='ocrx_word' id='word_1_140' title='bbox 1049 2037 1319 2112; x_wconf 63' lang='grc' dir='ltr'><strong>ἁθροωςάπάντων</strong></span> 
     </span>
     <span class='ocr_line' id='line_1_16' title="bbox 146 2139 420 2222; baseline -0.007 -21"><span class='ocrx_word' id='word_1_141' title='bbox 146 2139 374 2222; x_wconf 78' lang='grc' dir='ltr'><strong>έξεπεπτὼκει.”</strong></span> <span class='ocrx_word' id='word_1_142' title='bbox 396 2144 420 2217; x_wconf 87' lang='lat'><strong>¹)</strong></span> 
     </span>
    </p>

    <p class='ocr_par' dir='ltr' id='par_1_4' title="bbox 146 2243 1384 3017">
     <span class='ocr_line' id='line_1_17' title="bbox 191 2243 1321 2336; baseline -0.003 -24"><span class='ocrx_word' id='word_1_143' title='bbox 191 2247 424 2336; x_wconf 87' lang='lat' dir='ltr'><strong>Praetermitti</strong></span> <span class='ocrx_word' id='word_1_144' title='bbox 448 2269 546 2334; x_wconf 91' lang='lat' dir='ltr'><strong>posse</strong></span> <span class='ocrx_word' id='word_1_145' title='bbox 572 2249 660 2314; x_wconf 89' lang='lat' dir='ltr'><strong>mihi</strong></span> <span class='ocrx_word' id='word_1_146' title='bbox 683 2249 845 2317; x_wconf 89' lang='lat' dir='ltr'><strong>videntur</strong></span> <span class='ocrx_word' id='word_1_147' title='bbox 867 2248 1181 2334; x_wconf 86' lang='lat' dir='ltr'><strong>turbidatempora,</strong></span> <span class='ocrx_word' id='word_1_148' title='bbox 1196 2243 1321 2332; x_wconf 90' lang='lat' dir='ltr'><strong>quibus</strong></span> 
     </span>
     <span class='ocr_line' id='line_1_18' title="bbox 148 2358 1322 2449; baseline -0.003 -23"><span class='ocrx_word' id='word_1_149' title='bbox 148 2360 282 2426; x_wconf 88' lang='lat' dir='ltr'><strong>Marius</strong></span> <span class='ocrx_word' id='word_1_150' title='bbox 304 2366 338 2426; x_wconf 92' lang='lat' dir='ltr'><strong>et</strong></span> <span class='ocrx_word' id='word_1_151' title='bbox 359 2360 456 2427; x_wconf 86' lang='lat' dir='ltr'><strong>Sulla</strong></span> <span class='ocrx_word' id='word_1_152' title='bbox 477 2362 566 2427; x_wconf 88' lang='lat' dir='ltr'><strong>inter</strong></span> <span class='ocrx_word' id='word_1_153' title='bbox 589 2363 679 2449; x_wconf 89' lang='lat' dir='ltr'><strong>ipsos</strong></span> <span class='ocrx_word' id='word_1_154' title='bbox 701 2361 791 2428; x_wconf 92' lang='lat' dir='ltr'><strong>bello</strong></span> <span class='ocrx_word' id='word_1_155' title='bbox 813 2361 1023 2428; x_wconf 87' lang='lat' dir='ltr'><strong>lacessebant</strong></span> <span class='ocrx_word' id='word_1_156' title='bbox 1035 2380 1242 2446; x_wconf 89' lang='lat' dir='ltr'><strong>omnemque</strong></span> <span class='ocrx_word' id='word_1_157' title='bbox 1255 2358 1322 2422; x_wconf 91' lang='lat' dir='ltr'><strong>Ita-</strong></span> 
     </span>
     <span class='ocr_line' id='line_1_19' title="bbox 146 2473 1322 2561; baseline -0.001 -22"><span class='ocrx_word' id='word_1_158' title='bbox 146 2474 231 2540; x_wconf 91' lang='lat' dir='ltr'><strong>liam</strong></span> <span class='ocrx_word' id='word_1_159' title='bbox 254 2473 445 2541; x_wconf 82' lang='lat' dir='ltr'><strong>vastabant.</strong></span> <span class='ocrx_word' id='word_1_160' title='bbox 476 2475 552 2542; x_wconf 90' lang='lat' dir='ltr'><strong>Hoe</strong></span> <span class='ocrx_word' id='word_1_161' title='bbox 576 2482 712 2542; x_wconf 90' lang='lat' dir='ltr'><strong>tantum</strong></span> <span class='ocrx_word' id='word_1_162' title='bbox 735 2475 1008 2556; x_wconf 87' lang='lat' dir='ltr'><strong>memorandum,</strong></span> <span class='ocrx_word' id='word_1_163' title='bbox 1033 2473 1192 2561; x_wconf 83' lang='lat' dir='ltr'><strong>quamvis</strong></span> <span class='ocrx_word' id='word_1_164' title='bbox 1215 2494 1258 2538; x_wconf 92' lang='lat' dir='ltr'><strong>ne</strong></span> <span class='ocrx_word' id='word_1_165' title='bbox 1273 2478 1322 2538; x_wconf 91' lang='lat' dir='ltr'><strong>to·</strong></span> 
     </span>
     <span class='ocr_line' id='line_1_20' title="bbox 146 2585 1321 2676; baseline -0.003 -22"><span class='ocrx_word' id='word_1_166' title='bbox 146 2594 309 2673; x_wconf 89' lang='lat' dir='ltr'><strong>gatorum</strong></span> <span class='ocrx_word' id='word_1_167' title='bbox 344 2588 485 2674; x_wconf 91' lang='lat' dir='ltr'><strong>quidem</strong></span> <span class='ocrx_word' id='word_1_168' title='bbox 519 2589 667 2654; x_wconf 89' lang='lat' dir='ltr'><strong>rationes</strong></span> <span class='ocrx_word' id='word_1_169' title='bbox 701 2611 838 2676; x_wconf 89' lang='lat' dir='ltr'><strong>prorsus</strong></span> <span class='ocrx_word' id='word_1_170' title='bbox 872 2589 1144 2674; x_wconf 82' lang='lat' dir='ltr'><strong>neglegerentur,</strong></span> <span class='ocrx_word' id='word_1_171' title='bbox 1174 2586 1254 2652; x_wconf 90' lang='lat' dir='ltr'><strong>inde</strong></span> <span class='ocrx_word' id='word_1_172' title='bbox 1278 2585 1321 2651; x_wconf 88' lang='lat' dir='ltr'><strong>ab</strong></span> 
     </span>
     <span class='ocr_line' id='line_1_21' title="bbox 150 2699 1321 2790; baseline -0.002 -24"><span class='ocrx_word' id='word_1_173' title='bbox 150 2701 209 2768; x_wconf 91' lang='lat' dir='ltr'><strong>illo</strong></span> <span class='ocrx_word' id='word_1_174' title='bbox 243 2708 397 2788; x_wconf 92' lang='lat' dir='ltr'><strong>tempore</strong></span> <span class='ocrx_word' id='word_1_175' title='bbox 421 2701 571 2768; x_wconf 89' lang='lat' dir='ltr'><strong>colonias</strong></span> <span class='ocrx_word' id='word_1_176' title='bbox 594 2703 695 2768; x_wconf 87' lang='lat' dir='ltr'><strong>fuisse</strong></span> <span class='ocrx_word' id='word_1_177' title='bbox 720 2703 893 2784; x_wconf 86' lang='lat' dir='ltr'><strong>militares,</strong></span> <span class='ocrx_word' id='word_1_178' title='bbox 918 2725 1023 2790; x_wconf 86' lang='lat' dir='ltr'><strong>quare</strong></span> <span class='ocrx_word' id='word_1_179' title='bbox 1047 2701 1220 2770; x_wconf 85' lang='lat' dir='ltr'><strong>Velleius:</strong></span> <span class='ocrx_word' id='word_1_180' title='bbox 1259 2699 1321 2780; x_wconf 91' lang='lat' dir='ltr'><strong>„In</strong></span> 
     </span>
     <span class='ocr_line' id='line_1_22' title="bbox 150 2805 1321 2904; baseline -0.002 -24"><span class='ocrx_word' id='word_1_181' title='bbox 150 2815 336 2900; x_wconf 86' lang='lat' dir='ltr'><strong>Bagiennis</strong></span> <span class='ocrx_word' id='word_1_182' title='bbox 358 2815 528 2902; x_wconf 85' lang='lat' dir='ltr'><strong>Eporedia</strong></span> <span class='ocrx_word' id='word_1_183' title='bbox 551 2805 710 2903; x_wconf 88' lang='lat' dir='ltr'><strong>(deducta</strong></span> <span class='ocrx_word' id='word_1_184' title='bbox 736 2817 869 2883; x_wconf 89' lang='lat' dir='ltr'><strong>colonia</strong></span> <span class='ocrx_word' id='word_1_185' title='bbox 891 2816 953 2904; x_wconf 87' lang='lat' dir='ltr'><strong>est)</strong></span> <span class='ocrx_word' id='word_1_186' title='bbox 977 2815 1085 2882; x_wconf 89' lang='lat' dir='ltr'><strong>Mario</strong></span> <span class='ocrx_word' id='word_1_187' title='bbox 1109 2813 1321 2881; x_wconf 81' lang='lat' dir='ltr'><strong>sexiensVa·</strong></span> 
     </span>
     <span class='ocr_line' id='line_1_23' title="bbox 149 2927 1384 3017; baseline -0.001 -24"><span class='ocrx_word' id='word_1_188' title='bbox 149 2927 302 3016; x_wconf 91' lang='lat' dir='ltr'><strong>lerioque</strong></span> <span class='ocrx_word' id='word_1_189' title='bbox 325 2927 447 2994; x_wconf 83' lang='lat' dir='ltr'><strong>Flacco</strong></span> <span class='ocrx_word' id='word_1_190' title='bbox 471 2929 676 2995; x_wconf 78' lang='lat' dir='ltr'><strong>consulibua.</strong></span> <span class='ocrx_word' id='word_1_191' title='bbox 701 2931 821 3017; x_wconf 91' lang='lat' dir='ltr'><strong>Neque</strong></span> <span class='ocrx_word' id='word_1_192' title='bbox 845 2929 942 2996; x_wconf 80' lang='lat' dir='ltr'><strong>facile</strong></span> <span class='ocrx_word' id='word_1_193' title='bbox 967 2929 1152 2995; x_wconf 88' lang='lat' dir='ltr'><strong>memoriae</strong></span> <span class='ocrx_word' id='word_1_194' title='bbox 1181 2927 1321 2993; x_wconf 89' lang='lat' dir='ltr'><strong>manda·</strong></span> <span class='ocrx_word' id='word_1_195' title='bbox 1381 2931 1384 2936; x_wconf 82' lang='lat'>&#39;</span> 
     </span>
    </p>
   </div>
   <div class='ocr_carea' id='block_1_4' title="bbox 150 3040 1321 3129">
    <p class='ocr_par' dir='ltr' id='par_1_5' title="bbox 150 3040 1321 3129">
     <span class='ocr_line' id='line_1_24' title="bbox 150 3040 1321 3129; baseline -0.003 -19"><span class='ocrx_word' id='word_1_196' title='bbox 150 3042 270 3122; x_wconf 88' lang='lat' dir='ltr'><strong>verim,</strong></span> <span class='ocrx_word' id='word_1_197' title='bbox 296 3063 394 3128; x_wconf 88' lang='lat' dir='ltr'><strong>quae,</strong></span> <span class='ocrx_word' id='word_1_198' title='bbox 420 3041 485 3107; x_wconf 91' lang='lat' dir='ltr'><strong>nisi</strong></span> <span class='ocrx_word' id='word_1_199' title='bbox 509 3042 676 3124; x_wconf 90' lang='lat' dir='ltr'><strong>militaris,</strong></span> <span class='ocrx_word' id='word_1_200' title='bbox 701 3049 777 3129; x_wconf 89' lang='lat' dir='ltr'><strong>post</strong></span> <span class='ocrx_word' id='word_1_201' title='bbox 799 3043 864 3109; x_wconf 88' lang='lat' dir='ltr'><strong>hoc</strong></span> <span class='ocrx_word' id='word_1_202' title='bbox 887 3050 1024 3129; x_wconf 91' lang='lat' dir='ltr'><strong>tempus</strong></span> <span class='ocrx_word' id='word_1_203' title='bbox 1046 3043 1193 3108; x_wconf 88' lang='lat' dir='ltr'><strong>deducta</strong></span> <span class='ocrx_word' id='word_1_204' title='bbox 1205 3042 1278 3107; x_wconf 90' lang='lat' dir='ltr'><strong>sit.&#39;&#39;</strong></span> <span class='ocrx_word' id='word_1_205' title='bbox 1294 3040 1321 3128; x_wconf 72' lang='grc'><strong>3)</strong></span> 
     </span>
    </p>
   </div>
   <div class='ocr_carea' id='block_1_5' title="bbox 135 3155 1320 3242">
    <p class='ocr_par' dir='ltr' id='par_1_6' title="bbox 135 3155 1320 3242">
     <span class='ocr_line' id='line_1_25' title="bbox 135 3155 1320 3242; baseline -0.003 -21"><span class='ocrx_word' id='word_1_206' title='bbox 135 3156 254 3222; x_wconf 88' lang='lat' dir='ltr'><strong>&#39;Recte</strong></span> <span class='ocrx_word' id='word_1_207' title='bbox 279 3155 426 3241; x_wconf 84' lang='lat' dir='ltr'><strong>Zumpt:</strong></span> <span class='ocrx_word' id='word_1_208' title='bbox 454 3155 634 3235; x_wconf 83' lang='lat' dir='ltr'><strong>„Coloniae</strong></span> <span class='ocrx_word' id='word_1_209' title='bbox 659 3207 801 3222; x_wconf 90' lang='grc'><strong>.....</strong></span> <span class='ocrx_word' id='word_1_210' title='bbox 815 3157 968 3242; x_wconf 90' lang='lat' dir='ltr'><strong>praemia</strong></span> <span class='ocrx_word' id='word_1_211' title='bbox 980 3155 1121 3220; x_wconf 88' lang='lat' dir='ltr'><strong>militiae</strong></span> <span class='ocrx_word' id='word_1_212' title='bbox 1135 3159 1320 3240; x_wconf 90' lang='lat' dir='ltr'><strong>coeperunt</strong></span> 
     </span>
    </p>
   </div>
   <div class='ocr_carea' id='block_1_6' title="bbox 149 3267 1322 3584">
    <p class='ocr_par' dir='ltr' id='par_1_7' title="bbox 149 3267 1322 3584">
     <span class='ocr_line' id='line_1_26' title="bbox 149 3267 1319 3356; baseline -0.003 -21"><span class='ocrx_word' id='word_1_213' title='bbox 149 3291 219 3335; x_wconf 88' lang='lat' dir='ltr'><strong>esse</strong></span> <span class='ocrx_word' id='word_1_214' title='bbox 254 3269 397 3356; x_wconf 87' lang='lat' dir='ltr'><strong>ipsaque</strong></span> <span class='ocrx_word' id='word_1_215' title='bbox 433 3270 614 3335; x_wconf 87' lang='lat' dir='ltr'><strong>necessitas</strong></span> <span class='ocrx_word' id='word_1_216' title='bbox 647 3269 822 3335; x_wconf 86' lang='lat' dir='ltr'><strong>Romanos</strong></span> <span class='ocrx_word' id='word_1_217' title='bbox 845 3269 964 3354; x_wconf 72' lang='lat' dir='ltr'><strong>coegit,</strong></span> <span class='ocrx_word' id='word_1_218' title='bbox 989 3275 1029 3333; x_wconf 90' lang='lat' dir='ltr'><strong>ut</strong></span> <span class='ocrx_word' id='word_1_219' title='bbox 1051 3289 1129 3333; x_wconf 90' lang='lat' dir='ltr'><strong>eam</strong></span> <span class='ocrx_word' id='word_1_220' title='bbox 1152 3267 1319 3332; x_wconf 89' lang='lat' dir='ltr'><strong>rationem</strong></span> 
     </span>
     <span class='ocr_line' id='line_1_27' title="bbox 149 3380 1322 3470; baseline -0.003 -22"><span class='ocrx_word' id='word_1_221' title='bbox 149 3383 356 3450; x_wconf 88' lang='lat' dir='ltr'><strong>invenirent.</strong></span> <span class='ocrx_word' id='word_1_222' title='bbox 391 3383 481 3448; x_wconf 89' lang='lat' dir='ltr'><strong>Nam</strong></span> <span class='ocrx_word' id='word_1_223' title='bbox 504 3382 638 3464; x_wconf 90' lang='lat' dir='ltr'><strong>milites,</strong></span> <span class='ocrx_word' id='word_1_224' title='bbox 665 3383 725 3470; x_wconf 89' lang='lat' dir='ltr'><strong>qui</strong></span> <span class='ocrx_word' id='word_1_225' title='bbox 747 3383 881 3469; x_wconf 85' lang='lat' dir='ltr'><strong>pridem</strong></span> <span class='ocrx_word' id='word_1_226' title='bbox 897 3382 952 3450; x_wconf 87' lang='lat' dir='ltr'><strong>vel</strong></span> <span class='ocrx_word' id='word_1_227' title='bbox 968 3380 1322 3468; x_wconf 86' lang='lat' dir='ltr'><strong>locupleteshomines</strong></span> 
     </span>
     <span class='ocr_line' id='line_1_28' title="bbox 150 3492 1321 3584; baseline -0.002 -24"><span class='ocrx_word' id='word_1_228' title='bbox 150 3496 288 3561; x_wconf 86' lang='lat' dir='ltr'><strong>fuerant</strong></span> <span class='ocrx_word' id='word_1_229' title='bbox 321 3495 377 3563; x_wconf 90' lang='lat' dir='ltr'><strong>vel</strong></span> <span class='ocrx_word' id='word_1_230' title='bbox 412 3496 446 3577; x_wconf 86' lang='lat' dir='ltr'><strong>ii,</strong></span> <span class='ocrx_word' id='word_1_231' title='bbox 483 3497 543 3584; x_wconf 91' lang='lat' dir='ltr'><strong>qui</strong></span> <span class='ocrx_word' id='word_1_232' title='bbox 577 3497 730 3563; x_wconf 86' lang='lat' dir='ltr'><strong>defuncti</strong></span> <span class='ocrx_word' id='word_1_233' title='bbox 752 3496 851 3562; x_wconf 93' lang='lat' dir='ltr'><strong>bellis</strong></span> <span class='ocrx_word' id='word_1_234' title='bbox 873 3497 917 3562; x_wconf 88' lang='lat' dir='ltr'><strong>ad</strong></span> <span class='ocrx_word' id='word_1_235' title='bbox 940 3496 1033 3583; x_wconf 90' lang='lat' dir='ltr'><strong>pacis</strong></span> <span class='ocrx_word' id='word_1_236' title='bbox 1055 3495 1193 3580; x_wconf 88' lang='lat' dir='ltr'><strong>negotia</strong></span> <span class='ocrx_word' id='word_1_237' title='bbox 1212 3492 1321 3559; x_wconf 90' lang='lat' dir='ltr'><strong>redire</strong></span> 
     </span>
    </p>
   </div>
   <div class='ocr_carea' id='block_1_7' title="bbox 153 3609 347 3622">
    <p class='ocr_par' dir='ltr' id='par_1_8' title="bbox 153 3609 347 3622">
     <span class='ocr_line' id='line_1_29' title="bbox 153 3609 347 3622; baseline 0 0"><span class='ocrx_word' id='word_1_238' title='bbox 153 3609 347 3622; x_wconf 68' lang='lat'>-—-—-</span> 
     </span>
    </p>
   </div>
   <div class='ocr_carea' id='block_1_8' title="bbox 150 3658 1323 3926">
    <p class='ocr_par' dir='ltr' id='par_1_9' title="bbox 150 3658 1323 3926">
     <span class='ocr_line' id='line_1_30' title="bbox 151 3658 1323 3746; baseline -0.001 -27"><span class='ocrx_word' id='word_1_239' title='bbox 151 3681 205 3740; x_wconf 95' lang='grc' dir='ltr'><strong>χα</strong></span> <span class='ocrx_word' id='word_1_240' title='bbox 216 3683 234 3734; x_wconf 89' lang='grc' dir='ltr'><strong>ρ</strong></span> <span class='ocrx_word' id='word_1_241' title='bbox 244 3683 252 3717; x_wconf 84' lang='grc' dir='ltr'><strong>ι</strong></span> <span class='ocrx_word' id='word_1_242' title='bbox 264 3679 276 3718; x_wconf 91' lang='grc' dir='ltr'><strong>ε</strong></span> <span class='ocrx_word' id='word_1_243' title='bbox 287 3680 308 3717; x_wconf 93' lang='grc' dir='ltr'><strong>σ</strong></span> <span class='ocrx_word' id='word_1_244' title='bbox 318 3681 339 3716; x_wconf 92' lang='grc' dir='ltr'><strong>τ</strong></span> <span class='ocrx_word' id='word_1_245' title='bbox 349 3659 368 3716; x_wconf 93' lang='grc' dir='ltr'><strong>ά</strong></span> <span class='ocrx_word' id='word_1_246' title='bbox 380 3677 477 3724; x_wconf 87' lang='grc' dir='ltr'><strong>τους</strong></span> <span class='ocrx_word' id='word_1_247' title='bbox 497 3664 555 3716; x_wconf 81' lang='grc' dir='ltr'><strong>τῶν</strong></span> <span class='ocrx_word' id='word_1_248' title='bbox 576 3662 705 3717; x_wconf 84' lang='grc' dir='ltr'><strong>πολιτῶν</strong></span> <span class='ocrx_word' id='word_1_249' title='bbox 726 3659 886 3733; x_wconf 80' lang='grc' dir='ltr'><strong>εἰσάγοντα</strong></span> <span class='ocrx_word' id='word_1_250' title='bbox 907 3658 1085 3734; x_wconf 76' lang='grc' dir='ltr'><strong>δημοκοπεῖν</strong></span> <span class='ocrx_word' id='word_1_251' title='bbox 1104 3658 1226 3746; x_wconf 79' lang='grc' dir='ltr'><strong>ᾐτιῶντο</strong></span> <span class='ocrx_word' id='word_1_252' title='bbox 1238 3662 1277 3718; x_wconf 79' lang='lat' dir='ltr'><strong>(se.</strong></span> <span class='ocrx_word' id='word_1_253' title='bbox 1288 3677 1323 3711; x_wconf 76' lang='lat' dir='ltr'><strong>se-</strong></span> 
     </span>
     <span class='ocr_line' id='line_1_31' title="bbox 150 3748 1323 3834; baseline -0.002 -22"><span class='ocrx_word' id='word_1_254' title='bbox 150 3760 261 3815; x_wconf 66' lang='lat' dir='ltr'><strong>natarent,</strong></span> <span class='ocrx_word' id='word_1_255' title='bbox 285 3751 384 3830; x_wconf 77' lang='grc' dir='ltr'><strong>Λιβίῳ</strong></span> <span class='ocrx_word' id='word_1_256' title='bbox 414 3748 446 3812; x_wconf 79' lang='grc' dir='ltr'><strong>δέ</strong></span> <span class='ocrx_word' id='word_1_257' title='bbox 474 3751 588 3815; x_wconf 79' lang='grc' dir='ltr'><strong>δώδεκα</strong></span> <span class='ocrx_word' id='word_1_258' title='bbox 618 3755 813 3830; x_wconf 82' lang='grc' dir='ltr'><strong>κατοικίζοντι</strong></span> <span class='ocrx_word' id='word_1_259' title='bbox 843 3753 891 3817; x_wconf 82' lang='grc' dir='ltr'><strong>καὶ</strong></span> <span class='ocrx_word' id='word_1_260' title='bbox 917 3758 1097 3834; x_wconf 89' lang='grc' dir='ltr'><strong>τρισχιλίους</strong></span> <span class='ocrx_word' id='word_1_261' title='bbox 1125 3756 1162 3823; x_wconf 85' lang='grc' dir='ltr'><strong>είς</strong></span> <span class='ocrx_word' id='word_1_262' title='bbox 1193 3753 1323 3823; x_wconf 78' lang='grc' dir='ltr'><strong>ἑκάστην</strong></span> 
     </span>
     <span class='ocr_line' id='line_1_32' title="bbox 150 3847 972 3926; baseline -0.001 -16"><span class='ocrx_word' id='word_1_263' title='bbox 150 3849 374 3910; x_wconf 76' lang='grc' dir='ltr'><strong>ἀποστέλλοντι</strong></span> <span class='ocrx_word' id='word_1_264' title='bbox 393 3870 414 3905; x_wconf 92' lang='grc' dir='ltr'><strong>τ</strong></span> <span class='ocrx_word' id='word_1_265' title='bbox 425 3854 446 3905; x_wconf 83' lang='grc' dir='ltr'>ὠ</span> <span class='ocrx_word' id='word_1_266' title='bbox 458 3870 472 3905; x_wconf 96' lang='grc' dir='ltr'><strong>ν</strong></span> <span class='ocrx_word' id='word_1_267' title='bbox 492 3847 511 3906; x_wconf 93' lang='grc' dir='ltr'><strong>ά</strong></span> <span class='ocrx_word' id='word_1_268' title='bbox 522 3871 547 3908; x_wconf 97' lang='grc' dir='ltr'><strong>π</strong></span> <span class='ocrx_word' id='word_1_269' title='bbox 558 3849 573 3908; x_wconf 85' lang='grc' dir='ltr'>ό</span> <span class='ocrx_word' id='word_1_270' title='bbox 582 3871 600 3924; x_wconf 92' lang='grc' dir='ltr'><strong>ρ</strong></span> <span class='ocrx_word' id='word_1_271' title='bbox 610 3871 632 3907; x_wconf 87' lang='grc' dir='ltr'><em>ω</em></span> <span class='ocrx_word' id='word_1_272' title='bbox 643 3871 658 3906; x_wconf 96' lang='grc' dir='ltr'><strong>ν</strong></span> <span class='ocrx_word' id='word_1_273' title='bbox 679 3850 972 3926; x_wconf 76' lang='grc' dir='ltr'><strong>συνελαμβάνοντο.”</strong></span> 
     </span>
    </p>
   </div>
   <div class='ocr_carea' id='block_1_9' title="bbox 151 3943 1322 4098">
    <p class='ocr_par' dir='ltr' id='par_1_10' title="bbox 151 3943 1322 4098">
     <span class='ocr_line' id='line_1_33' title="bbox 185 3943 1322 4022; baseline 0.004 -24"><span class='ocrx_word' id='word_1_274' title='bbox 185 3951 204 4012; x_wconf 92' lang='lat'><strong>¹)</strong></span> <span class='ocrx_word' id='word_1_275' title='bbox 222 3951 290 3999; x_wconf 88' lang='lat' dir='ltr'><strong>Libri</strong></span> <span class='ocrx_word' id='word_1_276' title='bbox 317 3951 386 4004; x_wconf 87' lang='lat' dir='ltr'>MSS.</span> <span class='ocrx_word' id='word_1_277' title='bbox 414 3943 519 4017; x_wconf 77' lang='grc' dir='ltr'><strong>Βόριυς.</strong></span> <span class='ocrx_word' id='word_1_278' title='bbox 541 3944 641 4020; x_wconf 73' lang='grc' dir='ltr'><strong>Θόριος</strong></span> <span class='ocrx_word' id='word_1_279' title='bbox 662 3973 776 4022; x_wconf 84' lang='lat' dir='ltr'><strong>reponere</strong></span> <span class='ocrx_word' id='word_1_280' title='bbox 793 3958 864 4006; x_wconf 84' lang='lat' dir='ltr'><strong>iussit</strong></span> <span class='ocrx_word' id='word_1_281' title='bbox 879 3958 1055 4006; x_wconf 83' lang='lat' dir='ltr'><strong>Hotomannus.</strong></span> <span class='ocrx_word' id='word_1_282' title='bbox 1074 3957 1110 4004; x_wconf 90' lang='lat' dir='ltr'><strong>De</strong></span> <span class='ocrx_word' id='word_1_283' title='bbox 1126 3956 1169 4004; x_wconf 85' lang='lat' dir='ltr'><strong>hac</strong></span> <span class='ocrx_word' id='word_1_284' title='bbox 1186 3956 1322 4020; x_wconf 76' lang='lat' dir='ltr'><strong>quaestione</strong></span> 
     </span>
     <span class='ocr_line' id='line_1_34' title="bbox 151 4035 620 4098; baseline 0.019 -18"><span class='ocrx_word' id='word_1_285' title='bbox 151 4035 180 4081; x_wconf 83' lang='lat' dir='ltr'><strong>cf.</strong></span> <span class='ocrx_word' id='word_1_286' title='bbox 201 4035 335 4083; x_wconf 83' lang='lat' dir='ltr'><strong>Mommsen</strong></span> <span class='ocrx_word' id='word_1_287' title='bbox 351 4037 381 4085; x_wconf 83' lang='lat' dir='ltr'><strong>cd</strong></span> <span class='ocrx_word' id='word_1_288' title='bbox 398 4038 425 4088; x_wconf 85' lang='grc' dir='ltr'><strong>Ο,</strong></span> <span class='ocrx_word' id='word_1_289' title='bbox 442 4041 461 4088; x_wconf 94' lang='grc' dir='ltr'><strong>Ι.</strong></span> <span class='ocrx_word' id='word_1_290' title='bbox 480 4041 506 4089; x_wconf 88' lang='lat' dir='ltr'><strong>L.</strong></span> <span class='ocrx_word' id='word_1_291' title='bbox 525 4041 545 4098; x_wconf 89' lang='grc' dir='ltr'><strong>Ι,</strong></span> <span class='ocrx_word' id='word_1_292' title='bbox 564 4040 620 4089; x_wconf 79' lang='lat'>200.</span> 
     </span>
    </p>
   </div>
   <div class='ocr_carea' id='block_1_10' title="bbox 184 4115 515 4264">
    <p class='ocr_par' dir='ltr' id='par_1_11' title="bbox 184 4115 515 4264">
     <span class='ocr_line' id='line_1_35' title="bbox 184 4115 515 4192; baseline 0.03 -30"><span class='ocrx_word' id='word_1_293' title='bbox 184 4115 205 4175; x_wconf 81' lang='lat'><strong>²)</strong></span> <span class='ocrx_word' id='word_1_294' title='bbox 222 4117 329 4192; x_wconf 27' lang='lat' dir='ltr'><strong>appion..</strong></span> <span class='ocrx_word' id='word_1_295' title='bbox 344 4118 372 4167; x_wconf 92' lang='lat' dir='ltr'><strong>B.</strong></span> <span class='ocrx_word' id='word_1_296' title='bbox 391 4121 418 4169; x_wconf 84' lang='grc' dir='ltr'><strong>Ο.</strong></span> <span class='ocrx_word' id='word_1_297' title='bbox 437 4122 457 4178; x_wconf 93' lang='grc' dir='ltr'><strong>Ι,</strong></span> <span class='ocrx_word' id='word_1_298' title='bbox 476 4121 515 4174; x_wconf 80' lang='lat'><strong>27.</strong></span> 
     </span>
     <span class='ocr_line' id='line_1_36' title="bbox 184 4200 489 4264; baseline 0.023 -16"><span class='ocrx_word' id='word_1_299' title='bbox 184 4200 204 4263; x_wconf 79' lang='lat'><strong>³)</strong></span> <span class='ocrx_word' id='word_1_300' title='bbox 222 4202 283 4252; x_wconf 88' lang='lat' dir='ltr'><strong>Vell.</strong></span> <span class='ocrx_word' id='word_1_301' title='bbox 302 4206 352 4256; x_wconf 79' lang='lat' dir='ltr'><strong>Pet.</strong></span> <span class='ocrx_word' id='word_1_302' title='bbox 370 4208 390 4264; x_wconf 95' lang='grc' dir='ltr'><strong>Ι,</strong></span> <span class='ocrx_word' id='word_1_303' title='bbox 409 4204 448 4259; x_wconf 80' lang='grc'><strong>15,</strong></span> <span class='ocrx_word' id='word_1_304' title='bbox 468 4204 489 4252; x_wconf 80' lang='grc'><strong>5.</strong></span> 
     </span>
    </p>
   </div>
   <div class='ocr_carea' id='block_1_11' title="bbox 0 0 1654 4998">
    <p class='ocr_par' dir='ltr' id='par_1_12' title="bbox 0 0 1654 4998">
     <span class='ocr_line' id='line_1_37' title="bbox 0 0 1654 4998; baseline 0 0"><span class='ocrx_word' id='word_1_305' title='bbox 0 0 1654 4998; x_wconf 95' lang='lat' dir='ltr'><strong> </strong></span> 
     </span>
    </p>
   </div>
  </div>
 </body>
</html>
