3226 4998
925 441 945 504 6

346 621 475 708 nicipia
508 618 669 686 omnibus
693 617 848 706 partibus
872 618 1020 684 Romam
1044 620 1272 704 imitarentur,
1295 622 1367 687 iam
1389 615 1534 683 intelle-

346 735 439 820 gitur
473 755 543 800 non
577 731 689 800 solum
725 733 855 800 Romae
892 733 1138 800 verumetiam
1161 733 1290 820 ubique
1313 734 1351 800 in
1373 732 1530 819 imperio

347 849 505 916 Romano
540 867 621 912 cum
655 843 789 932 publice
814 851 890 910 tum
913 867 933 910 a
956 845 1098 932 privatis
1121 845 1305 934 multiplici
1329 845 1462 912 ratione
1490 852 1529 910 et

346 961 487 1028 utilitati
525 967 559 1026 et
593 957 761 1044 voluptati
795 957 914 1044 populi
949 959 1050 1026 fuisse
1085 967 1313 1046 prospectum.
1359 958 1446 1024 Inde
1490 979 1530 1024 o·

346 1075 437 1140 mnis
461 1073 595 1160 generis
618 1093 721 1158 opera
743 1077 846 1157 atque
873 1071 1028 1137 aedificia
1051 1071 1197 1158 publicis
1208 1072 1328 1138 usibus
1340 1071 1529 1150 destinata,

346 1193 386 1255 ut
408 1186 561 1266 balneae,
585 1184 724 1270 templa,
749 1185 908 1271 porticus
933 1185 1076 1265 theatra,
1101 1185 1219 1266 stadia,
1233 1193 1363 1272 pontes,
1377 1184 1528 1263 similia;

345 1301 426 1366 inde
465 1297 641 1384 magnifici
666 1297 751 1377 ludi,
780 1296 911 1382 epulae,
943 1297 1008 1363 olei
1031 1299 1196 1364 frumenti
1221 1320 1449 1365 nummorum
1473 1298 1530 1362 di·

345 1413 573 1492 stributiones
631 1410 850 1476 invitationes
900 1433 943 1476 ex
990 1412 1092 1504 uariis
1138 1411 1360 1478 sollemnibus
1409 1412 1528 1478 causis

345 1527 464 1606 factae,
511 1523 587 1590 alia.
657 1523 833 1609 Imprimis
878 1524 945 1589 huc
992 1525 1169 1590 reserenda
1216 1531 1296 1590 sunt
1322 1523 1525 1611 sepulturae

345 1639 420 1706 loca
454 1637 592 1724 publico
627 1637 704 1702 usui
740 1636 918 1702 destinata.
977 1637 1208 1722 Collegiorum
1246 1657 1383 1724 quoque
1422 1638 1526 1704 varia

346 1751 540 1838 frequentia
600 1750 718 1815 multis
767 1750 1023 1816 munificentiae
1069 1773 1188 1816 ansam
1234 1750 1432 1831 afferebant,
1480 1758 1525 1816 ut

346 1886 427 1932 cum
461 1863 605 1948 collegia
639 1863 827 1949 patrocinio
863 1863 1087 1951 locupletium
1118 1871 1304 1944 uterentur,
1329 1885 1415 1950 quos
1437 1886 1523 1929 sana

347 1978 482 2064 saepius
517 1977 545 2044 si
580 1998 651 2042 non
688 1976 774 2062 pari,
810 1983 845 2042 at
879 1983 976 2061 grato
1000 1983 1117 2043 tamen
1141 1999 1282 2043 munere
1306 1979 1523 2044 remunerari

347 2090 527 2158 debebant.
574 2090 615 2156 In
653 2089 707 2154 his
742 2089 905 2174 collegiis
942 2112 1029 2177 quae
1055 2091 1239 2156 Caesarum
1262 2113 1343 2157 oum
1366 2091 1522 2156 maxime

347 2211 456 2272 aetate
480 2204 658 2285 florebant,
684 2204 789 2269 otiam
812 2226 923 2290 pauca
945 2205 1088 2289 vestigia
1111 2205 1328 2291 reperiuntur
1340 2204 1523 2270 cuiusdam

346 2341 457 2400 curae,
495 2341 601 2406 quam
635 2318 808 2384 tenuiores
843 2317 1001 2384 homines
1037 2319 1126 2383 inter
1160 2341 1193 2384 se
1228 2317 1411 2384 habebant.
1459 2319 1523 2384 Pe-

346 2433 466 2500 cuniae
499 2433 594 2500 enim
617 2432 655 2496 in
679 2452 864 2498 commune
889 2431 1117 2512 conserebant,
1142 2431 1233 2498 unde
1257 2432 1400 2498 mortuis
1424 2433 1521 2498 soda-

346 2546 438 2615 libus
462 2547 551 2611 iusta
574 2544 859 2632 persolverentur.
907 2545 954 2609 At
977 2552 1110 2632 praeter
1133 2546 1219 2612 illud
1238 2546 1335 2632 quasi
1347 2546 1521 2612 aerarium

346 2659 528 2740 Libitinae,
565 2665 698 2746 praeter
734 2665 849 2724 coetus
883 2659 982 2724 certis
1016 2659 1227 2746 temporibus
1249 2659 1361 2739 initos
1384 2666 1521 2744 praeter

348 2773 571 2858 collegiorum
606 2793 701 2838 sacra
729 2772 908 2837 sollemnia
931 2773 1100 2852 convivia,
1125 2772 1278 2838 eiusdem
1301 2771 1436 2857 collegii
1459 2773 1520 2838 ho-

348 2886 459 2952 mines
481 2886 542 2952 vix
565 2885 636 2950 ulla
660 2884 816 2951 utilitatis
840 2887 1081 2952 communione
1105 2887 1222 2952 sociati
1244 2893 1350 2952 erant.

394 2999 555 3066 Vidimus
589 3004 627 3063 ut
660 2997 791 3064 nobiles
826 2998 935 3084 plebis
969 2999 1143 3064 desideriis
1176 2999 1318 3085 obsequi
1345 2999 1519 3066 deberent.

349 3114 397 3179 At
420 3135 491 3178 11011
515 3113 630 3178 minus
653 3111 749 3198 plebs
773 3112 923 3178 obnoxia
937 3119 1010 3178 erat
1021 3112 1202 3178 nobilibus.
1227 3113 1351 3178 Moneo
1364 3113 1405 3178 de
1418 3113 1521 3178 clien-

348 3226 449 3308 tibus,
476 3228 537 3313 qui
560 3248 679 3292 omnes
703 3226 925 3310 indignitates
948 3227 1034 3291 serre
1059 3226 1166 3292 coacti
1181 3233 1287 3306 erant,
1301 3233 1340 3291 ut
1351 3226 1521 3312 sportulas

348 3339 483 3425 aliaque
521 3339 688 3405 beneficia
722 3340 904 3419 auferrent,
941 3340 1092 3425 profecto
1127 3340 1240 3424 gravis
1268 3339 1393 3406 laboris
1419 3361 1519 3426 saepe

347 3453 452 3518 nimis
475 3473 624 3539 parvum
646 3452 806 3537 pretium.

391 3567 442 3631 Ne
478 3565 627 3631 mendici
663 3565 804 3652 quidem
826 3566 956 3630 Romae
980 3566 1129 3645 deerant,
1156 3566 1216 3651 qui
1239 3566 1362 3651 stipam
1385 3564 1520 3650 collige-

345 3686 422 3746 rent
458 3701 478 3745 0
513 3678 817 3766 praetereuntibus,
851 3678 910 3744 sed
932 3679 1124 3744 maximam
1147 3687 1281 3764 partem
1305 3685 1402 3744 erant
1425 3701 1518 3765 pere-

344 3792 455 3877 grini:
481 3814 560 3860 vere
584 3793 759 3858 Romanos
782 3792 1011 3858 mendicando
1035 3793 1151 3858 vivere
1172 3792 1332 3878 pudebat.
1359 3791 1383 3879 ¹)

389 3906 509 3974 Unum
555 3911 657 3971 restat
691 3912 883 3972 memoratu
908 3905 1158 3991 dignissimum,
1196 3905 1289 3992 quod
1322 3905 1366 3970 ad
1398 3926 1515 3972 veram

378 4166 395 4227 ¹)
414 4165 451 4215 cf.
469 4164 554 4230 Pauly,
571 4164 760 4232 Reol-Enoyol
779 4182 797 4214 s.
809 4175 839 4215 ’1.
856 4165 982 4214 undam.
