3274 4998
711 489 774 554 123

157 668 244 733 Mihi
267 667 385 732 omnia
409 672 498 734 recte
522 667 703 754 procedere
727 667 898 748 videntur,
923 667 951 732 si
973 668 1022 732 tto
1044 675 1081 734 ut
1095 665 1328 754 interpreteris

157 783 204 847 ito
238 789 344 848 aerea
378 789 416 847 at
449 781 619 869 (Belgicez
654 789 717 846 met
739 781 813 846 dart
833 781 1002 862 vastanda,
1027 779 1105 868 dut).
1151 779 1328 846 Sententia

157 896 218 980 igit
220 917 261 960 ur
294 895 381 960 haec
416 901 476 962 est.
453 895 541 960 tu
576 895 656 960 fisco
691 894 853 980 pecunias
886 894 1039 960 faenerat
1026 899 1080 958 tus
1106 915 1177 960 esse
1201 893 1285 960 dicit
1271 899 1328 960 tur

158 1009 267 1074 usuris
303 1009 393 1074 trien
394 1007 579 1089 tibus,ita
611 1014 727 1073 tamen
756 1013 794 1072 ut
828 1005 1037 1093 pauperibus
1061 1006 1280 1093 plerisque
1255 1029 1327 1073 sine

158 1123 267 1188 usuris
288 1121 452 1208 pecunias
473 1122 605 1188 dederit
627 1121 671 1187 ad
694 1142 793 1206 agros
815 1119 986 1201 emendos,
1002 1141 1086 1208 quas
1106 1121 1268 1207 pecunias
1286 1122 1327 1188 de

158 1236 323 1302 fructibus
346 1235 487 1302 reddere
500 1257 557 1300 eos
569 1240 748 1321 oporteret.
773 1234 871 1313 Quod
886 1234 991 1300 altero
1003 1233 1078 1300 loco
1091 1240 1249 1300 narratur
1261 1235 1327 1302 tale

158 1371 224 1415 esse
249 1349 361 1415 credo.
408 1349 585 1427 Severum,
609 1355 647 1414 ut
670 1349 741 1434 ipse
758 1347 1325 1430 ,trientariumfaenusexercuit’',

157 1463 202 1528 ita
223 1463 480 1528 ¹faeneratorum
504 1484 640 1550 quoque
665 1483 785 1528 usuras
807 1461 851 1527 ad
875 1462 1011 1528 tertiam
1035 1462 1238 1528 centesimae
1253 1486 1328 1549 par·
1389 1529 1391 1532 .

158 1583 225 1643 tem
256 1576 458 1643 contrahere
494 1582 656 1642 conatum
690 1597 770 1657 esse,
806 1582 845 1641 ut
874 1575 1002 1643 scilicet
1025 1575 1234 1662 pauperibus
1257 1577 1328 1663 cpi-

159 1690 334 1756 tularetur.
381 1690 483 1769 Quod
517 1696 633 1756 contra
669 1690 822 1775 disputat
856 1688 1005 1770 Billeter,
1030 1689 1122 1756 credi
1146 1690 1206 1756 vix
1231 1712 1327 1778 posse

158 1805 303 1891 imperat
304 1825 400 1871 orem
423 1809 549 1869 ttam
519 1803 681 1869 stolidum
704 1803 819 1890 quid
810 1803 891 1868 msti
892 1803 1005 1884 tuisse,
1031 1803 1124 1891 quod
1147 1805 1235 1871 effici
1258 1825 1328 1870 non

159 1940 252 2005 posse
289 1918 435 2004 quisque
470 1918 586 1984 videre
622 1923 763 2004 poterat,
788 1915 813 2004 ¹)
847 1916 883 1981 id
920 1916 996 1983 leve
1031 1922 1091 1983 est
1138 1918 1258 2003 Cogita
1223 1918 1327 1984 tde

159 2031 302 2098 ridicula
335 2030 395 2124 illa
430 2031 604 2116 rogatione
640 2030 795 2098 Genusia
832 2052 894 2111 ,ne
930 2031 1104 2098 faenerare
1139 2030 1256 2097 liceret
1258 2031 1276 2062 ''
1243 2031 1327 2118 t¹)

159 2166 219 2211 nec
251 2166 324 2211 non
358 2145 400 2210 de
435 2145 549 2210 media
583 2150 692 2210 aetate
728 2145 847 2231 (quam
881 2144 1023 2230 dicunt),
1060 2165 1140 2210 cum
1171 2145 1328 2211 homines

160 2259 427 2326 faenerationem
460 2257 593 2344 legibus
629 2258 803 2345 prohiberi
826 2280 922 2345 posse
947 2257 1187 2345 opinabantur.
1233 2259 1326 2338 Quid

160 2373 268 2440 obstat
254 2373 378 2461 tquin
402 2394 578 2438 sumamus
601 2372 767 2440 Severum
790 2372 1039 2454 Alexandrum,
1064 2393 1144 2439 oum
1157 2378 1328 2439 senatores

160 2508 277 2553 usuras
323 2486 475 2573 accipere
518 2508 655 2572 prorsus
692 2491 832 2568 vetaret,
869 2485 1001 2553 ethoc
1036 2485 1100 2551 sihi
1134 2486 1326 2573 sumpsisse,

160 2607 197 2666 ut
235 2601 465 2666 faeneratores
498 2606 676 2681 coerceret,
709 2606 785 2686 post
786 2621 826 2666 ea
860 2606 987 2681 t,amen
1012 2620 1093 2666 cum
1116 2606 1212 2666 senat
1198 2600 1328 2666 toribus

160 2715 312 2782 semisses
358 2714 567 2796 concederet,
602 2714 689 2781 illud
724 2736 861 2802 quoque
896 2715 937 2781 de
972 2713 1241 2781 faeneratoribus
1274 2736 1328 2781 su·

161 2829 319 2897 stulisse‘?

201 2944 252 3010 De
276 2943 389 3008 usuris
406 2924 497 3009 'haec
520 2943 699 3008 sufficiant.
746 2942 858 3008 Maius
881 2965 972 3025 sane,
992 2949 1028 3010 at
1039 2943 1132 3010 idem
1142 2943 1328 3030 indignum

160 3057 329 3124 auxilium
351 3056 507 3124 ferebant
529 3055 666 3122 tabulae
690 3078 810 3123 novae.
857 3058 934 3123 Hae
958 3058 1051 3124 enim
1078 3058 1183 3145 ,quid
1201 3057 1330 3124 habent

161 3171 364 3256 argumenti,
400 3171 466 3236 nisi
499 3176 538 3237 ut
572 3192 666 3237 emas
700 3192 777 3236 mea
811 3171 958 3257 pecunia
995 3170 1154 3257 fundum,
1188 3192 1269 3237 eum
1291 3177 1330 3236 tu

160 3284 294 3367 habeas,
319 3306 382 3371 ego
406 3305 475 3352 non
500 3282 647 3350 habeam
668 3285 851 3371 pecuniam
863 3284 900 3350 ?’'
925 3283 952 3372 ¹)

201 3399 278 3464 Iam
300 3399 381 3464 inde
405 3420 425 3464 a
448 3398 685 3465 vetustissimis
708 3397 920 3484 temporibus
936 3396 1070 3464 tabulas
1082 3397 1328 3485 novasaplebe

193 3638 211 3700 ¹)
245 3638 394 3703 „Alexander
409 3640 508 3688 Severus
526 3639 589 3688 heta
606 3639 680 3688 drmit
696 3639 764 3688 einen
783 3640 879 3688 Unsinn
896 3640 1032 3704 begrngen:
1048 3639 1161 3689 (luserich
1173 3639 1329 3688 derhinssuss

159 3721 247 3772 dsmsls
264 3722 331 3771 nicht
348 3723 390 3770 sus
405 3721 455 3786 41¹¹)⁰
472 3721 632 3770 beschritnken
649 3722 705 3770 lissa
724 3759 854 3772 ......
873 3723 993 3772 marchen
1003 3722 1175 3772 wirleichtein
1194 3758 1298 3770 .....

159 3805 241 3854 ΖιιιιιιιΙ
258 3806 318 3854 wird
335 3805 373 3853 die
390 3804 462 3854 Sachc
476 3804 569 3863 absum,
579 3821 649 3854 wenn
658 3822 712 3854 man
722 3806 767 3854 mit
776 3807 829 3854 dem
838 3806 957 3856 Verissser
965 3808 1005 3856 der
1014 3806 1067 3855 Vita
1076 3805 1243 3869 vorzngswsise
1251 3821 1281 3854 sn
1291 3807 1328 3856 dic

160 3894 303 3953 „pauperes‘
321 3888 399 3946 denkt,
417 3888 456 3936 die
472 3888 546 3936 durch
564 3888 627 3937 diere
644 3888 771 3952 Massregel
787 3889 897 3953 begliickt
913 3891 1006 3938 werden
1023 3887 1126 3946 sollten;
1143 3889 1226 3951 gewiss
1247 3889 1327 3938 hitteu

159 3971 236 4020 solche
261 3971 489 4035 zahlungsunsahige
514 3971 712 4021 hreditschwache
737 3972 809 4020 Ireute
829 3989 886 4036 geru
903 3988 932 4021 zu
950 3972 999 4038 4⁰),
1016 3971 1077 4022 Geld
1092 3988 1241 4038 genommen,
1259 3990 1328 4022 wenn

158 4071 182 4103 es
196 4054 294 4116 jemand
310 4053 354 4118 gab
365 4053 386 4101 !'’

191 4138 210 4197 ²)
244 4138 282 4186 cf.
299 4153 371 4202 supra
387 4153 439 4202 pag.
458 4137 513 4186 118.

190 4220 210 4281 ³)
245 4221 294 4270 Cic.
312 4220 348 4268 De
365 4220 412 4270 off.
430 4220 463 4280 11,
481 4221 522 4280 23,
539 4220 579 4270 84.
