3274 4998
711 500 774 569 135

159 681 298 750 Caesare
316 684 451 748 mortuo
464 700 629 746 numerus
640 678 809 767 paulatim
821 697 938 744 rursus
951 675 1157 744 succreuisse
1170 675 1309 746 videtur
1316 695 1324 756 ;

87 857 89 862 ,
158 817 238 862 nam
271 793 450 879 Augustus
483 799 517 859 et
550 793 621 880 ipse
652 791 791 880 ,populi
815 813 996 859 recensum
1018 790 1161 858 vicatim
1183 787 1274 875 egit”
1299 786 1326 875 ¹)

160 930 220 974 noo
251 929 323 974 non
346 907 457 973 Dione
480 913 564 975 teste
592 909 643 986 „ri
664 917 716 973 τοῦ
736 910 979 988 σιτοδοτουμὲνου
999 915 1121 980 πλῆθος
1140 909 1275 986 ἀόριστον
1293 905 1331 967 ’ὂν

160 1025 187 1098 ἒς
206 1029 295 1090 altam
315 1027 458 1104 μυριάδας
478 1024 653 1088 κατέκλεισε
661 1026 686 1094 ,”
708 1027 732 1098 2)
778 1017 852 1082 Has
882 1016 1167 1082 frumentationes
1189 1015 1329 1080 fortasse

161 1132 221 1199 sub
244 1133 381 1199 Nerone
405 1132 557 1218 itemque
581 1131 644 1197 sub
668 1131 784 1198 Nerva
806 1151 992 1218 parumper
1002 1129 1212 1195 intermissas
1226 1125 1252 1215 8)
1265 1127 1331 1196 viri

161 1238 249 1307 docti
283 1237 508 1324 permansisse
543 1242 725 1306 autumant
759 1236 844 1304 dnm
877 1235 1085 1303 Aurelianus
1115 1235 1142 1320 4)
1167 1253 1332 1320 magnam

162 1351 466 1420 commutationem
500 1351 541 1416 iis
576 1349 737 1432 attulerit,
772 1349 910 1418 cottidie
945 1348 1111 1417 frumenti
1144 1347 1218 1417 loco
1241 1347 1332 1434 ipsos

161 1487 263 1552 panes
286 1463 503 1533 distribuens.
529 1462 557 1550 ὅ)

204 1578 344 1648 Praeter
377 1584 480 1648 statas
513 1557 589 1645 illas
627 1575 825 1662 largitiones
851 1575 964 1646 variae
988 1574 1244 1642 distributiones
1262 1575 1331 1646 fro·-

162 1693 268 1760 menti
291 1697 606 1762 commemorantur
628 1690 813 1760 Caesarum
836 1689 1052 1776 aliorumque
1076 1689 1230 1776 privatae
1255 1709 1329 1758 mu·

163 1805 355 1872 nifieentiae
380 1803 513 1872 debitae
539 1804 565 1890 θ)
592 1803 744 1890 itemque
770 1803 987 1888 magistratus
1009 1823 1130 1870 cavere
1144 1801 1332 1890 pergebant

162 1941 203 1984 ne
227 1940 368 1986 annona
390 1917 494 1984 nimis
518 1923 712 2002 augeretur.

249 2082 277 2148 b.
302 2081 471 2147 Annonae
495 2101 578 2146 cura
600 2087 634 2146 et
657 2079 941 2146 frumentationes
965 2077 1174 2165 quibusnam
1198 2077 1242 2144 ad

520 2194 673 2260 fructum
696 2192 963 2260 redundabant?
1053 2197 1056 2202 '

204 2357 281 2422 Iam
317 2357 503 2444 quaeritur,
539 2378 619 2422 cum
653 2375 810 2422 annonae
845 2377 928 2421 cura
961 2359 1038 2420 tum
1065 2354 1230 2420 frumenti
1251 2353 1331 2420 illae

162 2469 426 2548 distributiones,
462 2491 548 2556 quas
581 2471 864 2537 frumentationes
899 2466 1087 2555 appellatas
1121 2489 1192 2534 esse
1228 2467 1332 2534 modo

162 2583 271 2666 docui,
297 2583 507 2670 quibusnam
530 2583 728 2650 hominibus
751 2585 794 2649 ad
817 2585 968 2650 fructum
988 2581 1231 2649 redundarent.

203 2697 300 2764 Inter
332 2697 615 2764 frumentationes
652 2704 686 2763 et
709 2719 828 2764 curam
851 2719 1008 2765 annonae
1033 2696 1099 2764 viri
1123 2697 1214 2762 docti
1237 2717 1331 2783 prae.

162 2817 212 2878 ter
238 2818 351 2878 cetera
374 2811 478 2896 vulgo
502 2812 567 2878 hoc
590 2811 774 2878 discrimen
797 2819 963 2894 statuunt,
989 2811 1081 2900 quod
1106 2811 1191 2877 baec
1215 2831 1333 2908 omnes

162 2925 252 2992 cives
275 2924 567 3012 complecteretur,
593 2925 733 2991 illarum
756 2931 874 2991 eontra
893 2933 1005 2992 certus
1017 2932 1155 2994 tantum
1168 2945 1332 2990 numerus

161 3046 295 3108 certave
319 3061 397 3126 pars
420 3039 550 3106 civium
572 3039 742 3126 particeps
765 3045 860 3106 esset.
884 3039 911 3126 7)
938 3041 1012 3110 Hoc
1037 3047 1153 3108 tamen
1167 3059 1329 3105 remeen-

196 3235 203 3268 ¹
248 3236 311 3284 Suel.
329 3237 367 3284 An
386 3273 390 3283 .
409 3236 449 3284 40.

193 3239 214 3379 'f
246 3319 293 3367 Dio
310 3252 384 3367 Cass.g
393 3319 442 3378 LV,
461 3320 499 3368 10.
517 3319 570 3380 (ad.
588 3318 735 3380 Boissevain)
753 3319 789 3367 cf.
807 3319 876 3368 etium
896 3317 963 3367 Mon.
982 3319 1071 3382 Ancyr.
1089 3319 1139 3368 Lat.
1159 3319 1183 3376 3,
1202 3318 1242 3366 al.

18 3455 19 3486 ,
100 3465 104 3471 ι
193 3401 213 3462 ³)
248 3402 284 3450 Cf.
302 3403 413 3450 Momms.
431 3403 498 3450 ltdm.
516 3401 580 3450 Trib.
599 3418 651 3465 pag.
671 3402 734 3460 193;
752 3401 858 3451 Hirschf.
876 3401 893 3450 l.
911 3401 928 3450 l.
947 3419 998 3466 pag.
1018 3405 1041 3451 5.

193 3486 212 3545 ⁴)
248 3485 299 3533 Hoc
315 3485 363 3534 iam
381 3491 447 3534 antea
463 3487 551 3533 factum
569 3501 618 3532 esse
634 3484 676 3532 alii
694 3485 829 3548 opinantur.
857 3485 893 3533 Cf.
905 3485 1010 3534 Hirschf.
1021 3485 1038 3534 l.
1048 3485 1065 3534 l.
1075 3501 1127 3550 pag.
1138 3484 1170 3533 20
1180 3501 1226 3549 seq.
1237 3504 1243 3542 ;
1254 3483 1330 3548 Marq.

161 3567 176 3616 l.
187 3567 204 3616 l.
214 3584 267 3634 pag.
279 3569 338 3626 135,
349 3568 475 3626 Kralrauer,
487 3569 532 3616 Das
542 3567 738 3631 Verpflegungsw.
748 3569 771 3616 d.
781 3567 846 3617 stadt
855 3569 914 3617 Rom
924 3569 951 3617 in
960 3569 983 3618 d.
992 3573 1098 3632 spiiterau
1108 3569 1219 3627 Keissia,
1229 3584 1281 3632 pag.
1292 3568 1331 3616 43.

194 3652 212 3710 ⁵)
247 3651 339 3715 Vopisc.
357 3650 437 3699 Aurei.
448 3651 487 3708 35,
501 3651 511 3698 l
523 3667 528 3694 ι
539 3650 609 3708 „Nou
620 3652 812 3714 praetereundum
822 3653 922 3710 uidetur,
931 3653 995 3716 quod
1003 3656 1026 3700 et
1035 3651 1137 3718 populus
1147 3651 1260 3700 memoria
1269 3654 1332 3698 teuet

160 3740 183 3782 et
198 3735 256 3782 fides
269 3735 381 3782 historica
397 3734 561 3797 frequentauit,
581 3733 734 3782 Aurelianum
753 3751 780 3783 eo
797 3739 908 3798 tempore,
917 3751 964 3798 qno
973 3734 1162 3799 proficiscebatur
1170 3735 1199 3783 ad
1208 3734 1332 3793 orientem,

161 3817 258 3866 bilibres
275 3833 371 3866 coronas
388 3816 475 3881 populo
493 3816 636 3880 promisisse,
654 3817 675 3864 si
692 3817 769 3866 uictor
787 3818 880 3877 rediret,
898 3823 929 3875 at,
946 3835 1000 3866 cum
1017 3833 1099 3866 aureas
1111 3817 1333 3882 populusspersrct,

161 3915 236 3964 neque
261 3899 405 3948 Aurelianus
430 3905 472 3948 aut
496 3903 573 3963 posset
600 3905 640 3948 aut
659 3899 738 3959 uellet,
755 3917 851 3949 coronas
868 3916 922 3948 erim
939 3901 1021 3948 fecisse
1038 3901 1067 3948 da
1083 3900 1193 3966 panibus,
1211 3901 1252 3966 qui
1270 3917 1334 3954 nuuc

161 3982 267 4047 siliginei
284 3988 405 4040 uocantur,
423 3987 446 4031 et
462 3982 564 4046 singulis
581 3983 714 4046 quibusque
731 3985 835 4042 donasse,
853 3984 885 4032 ita
903 3988 929 4032 ut
946 3983 1085 4047 siligineum
1103 4000 1173 4032 suum
1191 3985 1276 4034 cotidie
1284 3988 1334 4034 toto

161 4082 217 4115 aeuo
235 4083 278 4115 suc
297 4067 460 4130 unusquisque
477 4070 502 4114 et
516 4065 630 4130 acciperet
647 4071 672 4114 et
687 4067 786 4130 posteris
803 4067 853 4115 suis
870 4066 1024 4115 dimitteret.''

194 4151 225 4210 θ),
250 4150 302 4198 Hae
319 4151 450 4200 referendae
467 4148 564 4197 suntin
584 4149 743 4212 „congiaria'’,
760 4150 789 4198 de
806 4149 895 4214 quibus
912 4149 966 4200 vide
984 4150 1117 4214 proximum
1135 4155 1211 4217 caput

195 4233 215 4296 ⁷)
241 4234 278 4282 Ita
287 4233 424 4282 Hirschfeld
442 4232 496 4289 l.l.,
514 4231 647 4282 Radbertus
664 4232 681 4282 l.
703 4232 728 4292 l.,
746 4233 955 4298 Pauly-Wissowa,
964 4233 1130 4304 Rem-Euryti
1139 4235 1163 4283 1²
1172 4251 1334 4286 arannem.
