3274 4998
837 485 901 551 178

282 665 355 728 tam
377 661 572 750 praebuisse
593 661 750 749 legimus,
775 685 863 752 quae
886 662 1027 751 Vopisci
1049 663 1154 730 etiam
1172 662 1398 751 temporibus,
1411 669 1451 730 ut

282 775 355 863 ipse
378 782 504 858 narrat,
524 775 752 844 dividebatur.
780 776 806 864 ¹)

327 888 472 956 Oibariis
494 911 517 957 v
528 911 547 956 e
558 890 669 956 stim
683 912 736 957 en
749 897 796 958 ta
814 889 1051 977 adiungebaut
1071 891 1302 978 imperatores.
1319 891 1454 958 Scimus

282 1002 376 1069 enim
405 1003 468 1084 ,ob
490 1003 694 1070 uestimenta
717 1004 845 1092 populo
874 1005 1048 1090 congiaria
1070 1005 1151 1071 data
1174 1005 1324 1072 multum
1347 1006 1455 1072 Anto·

281 1116 407 1183 ninum
439 1117 475 1204 (i.
499 1139 528 1184 e.
552 1117 778 1205 caracallam)
803 1141 825 1185 a
847 1117 946 1206 plebe
970 1118 1166 1200 dilootum'',
1190 1117 1217 1203 4)
1242 1125 1276 1185 et
1299 1118 1455 1185 Aurelia·

282 1251 368 1296 num
392 1230 419 1316 ⁸)
445 1230 607 1312 ,donasse
630 1231 735 1298 etiam
756 1253 789 1320 p.
812 1233 855 1298 R.
875 1232 1075 1298 tunicas
1097 1231 1193 1299 albas
1211 1220 1454 1299 manicatosex

280 1344 424 1411 diuersis
458 1344 646 1432 prouinciis
680 1351 715 1412 et
744 1345 853 1412 lineas
874 1345 975 1412 Afras
997 1352 1101 1433 atque
1124 1345 1313 1433 Aegyptias
1336 1367 1449 1433 puras,

280 1458 463 1546 ipsumque
485 1457 638 1545 primum
660 1458 802 1526 donasse
826 1462 960 1527 orari
973 1481 995 1525 a
1017 1482 1051 1547 p.
1073 1460 1116 1526 R.
1146 1459 1271 1547 quibus
1294 1466 1447 1526 uteretur

280 1571 429 1659 populus
452 1571 497 1638 ad
519 1571 710 1638 fauorem.”
734 1573 760 1660 ⁴)

324 1685 372 1751 At
401 1685 561 1752 Caesares
598 1706 679 1752 oum
701 1707 856 1752 summae
880 1707 994 1753 rorum
1019 1692 1223 1774 praeessent,
1247 1707 1451 1752 nummo·

280 1821 380 1864 rum
414 1798 671 1866 distributiones
701 1801 830 1887 primas
861 1799 977 1867 tulisse
1005 1800 1157 1866 diximus
1169 1822 1177 1881 ;
1206 1801 1353 1866 immoa
1376 1798 1453 1866 reli·

280 1912 358 1999 quis
390 1912 575 1979 Caesarum
608 1913 859 1999 largitionibus,
891 1913 966 1995 olei,
989 1914 1074 1995 vini,
1098 1915 1219 1995 carnia,
1244 1913 1450 1993 tunicarum,

279 2025 444 2092 similium
482 2026 688 2093 Rostowzew
726 2028 894 2114 congiarii
930 2049 1058 2094 nomen
1091 2026 1276 2094 abiudicat.
1308 2029 1332 2109 4)
1376 2026 1452 2092 Nisi
1501 2079 1504 2085 .

278 2139 387 2222 fallor,
423 2162 547 2227 parum
580 2141 617 2206 id
647 2141 789 2228 quidem
814 2147 914 2208 recte.
960 2141 1118 2207 Primum
1142 2141 1235 2206 enim
1258 2140 1295 2207 (l.
1319 2140 1450 2206 Iulium

278 2253 459 2320 Gaesarem
481 2276 551 2320 una
574 2277 655 2320 oum
667 2256 820 2321 nummis
831 2257 1046 2321 frumentum
1062 2275 1201 2342 quoque
1219 2260 1322 2341 atque
1334 2253 1450 2320 oleum

278 2367 405 2455 populo
444 2367 596 2435 divisisse
628 2368 787 2450 vidimus,
823 2375 857 2434 et
890 2368 927 2434 in
961 2369 1187 2434 Monumento
1210 2368 1395 2454 Aneyrano
1420 2366 1447 2454 4)

277 2481 455 2566 Augustus
477 2482 514 2546 in
537 2482 721 2567 congiariis
744 2483 814 2548 suis
837 2483 1017 2549 duodeoim
1042 2481 1137 2548 ducit
1154 2481 1448 2562 frumentationes,

277 2616 363 2682 quas
397 2595 570 2662 frumento
600 2596 766 2683 privatim
790 2603 947 2684 coempto
971 2618 1005 2662 se
1029 2595 1254 2661 undecimum
1275 2594 1451 2661 consulem

277 2709 453 2775 Romanae
492 2707 604 2796 plebei
639 2731 818 2776 emensum
853 2732 923 2776 esse
959 2709 1141 2796 praedicat.
1175 2707 1203 2794 ⁷)
1251 2708 1296 2773 At
1330 2707 1446 2795 opinio

277 2821 342 2888 ista
376 2823 557 2910 praecipue
594 2822 759 2889 refellitur
792 2823 874 2888 Iulii
908 2821 1092 2910 Capitolini
1129 2821 1240 2888 verbis
1273 2821 1375 2888 modo
1404 2819 1451 2888 al·

313 3051 334 3112 1)
369 3052 462 3116 Vopise.
488 3052 571 3102 Anrel,
598 3053 638 3112 35,
665 3053 696 3110 2;
720 3053 760 3110 48,
788 3053 800 3100 1
827 3053 900 3114 (bauo
928 3052 1007 3101 locum
1034 3053 1103 3101 modo
1124 3051 1255 3116 sxseripsi;
1274 3051 1328 3100 ride
1348 3050 1450 3115 priorem

278 3135 413 3200 pagiuam);
440 3135 521 3184 Aurel.
548 3136 607 3184 Viot.
634 3135 669 3184 De
695 3135 811 3185 Camarib.
838 3137 878 3189 35,
896 3136 927 3193 '1;
945 3136 1031 3184 Zosim.
1050 3135 1073 3194 2,
1091 3137 1114 3184 9.
1148 3135 1186 3183 ct.
1204 3135 1275 3184 etiam
1292 3133 1403 3182 Gothofr.
1420 3133 1452 3182 ad

278 3218 336 3266 (lod.
353 3218 441 3267 Theod.
459 3219 523 3278 XIV,
541 3221 565 3278 4,
588 3221 609 3268 l.

312 3299 334 3361 ἵ)
368 3301 469 3366 Capitol.
488 3301 584 3366 Opilius
602 3302 724 3350 Macrinus
742 3304 765 3361 5,
784 3302 806 3350 3.
841 3302 881 3351 cf.
898 3302 968 3351 etiam
986 3301 1103 3365 Spartiau.
1121 3301 1219 3350 Severus
1237 3301 1277 3358 21,
1296 3300 1336 3348 11.

311 3384 332 3444 ³)
368 3385 460 3449 Vopise.
478 3385 559 3433 Aural.
578 3385 619 3444 48,
638 3386 660 3432 5.
696 3385 787 3449 Operae
804 3385 906 3449 pretinm
924 3389 959 3432 est
975 3389 1055 3432 natare
1071 3400 1142 3448 qaam
1160 3384 1223 3432 varie
1239 3382 1383 3432 Aurelianus
1392 3382 1454 3430 vitae

278 3468 398 3516 securitati
425 3483 451 3515 aa
476 3468 585 3516 suavitati
607 3467 759 3525 oonsulnerit,
777 3473 804 3516 nt
820 3467 861 3531 qni
879 3466 967 3532 populo
984 3471 1009 3515 et
1027 3483 1100 3531 panes
1118 3466 1212 3515 oottidie
1229 3464 1371 3529 praebendos
1387 3480 1454 3513 aurs·

279 3550 339 3599 verit
363 3555 386 3598 et
411 3550 531 3615 porcinam
548 3566 641 3598 carnem
658 3551 804 3599 distribuerit
818 3554 841 3598 et
857 3551 949 3598 tanioas
966 3550 1086 3614 orariaque
1103 3550 1232 3608 donaverit,
1249 3548 1352 3612 deniqne
1370 3549 1453 3611 ipsam

279 3634 365 3682 vinam
381 3633 509 3698 gratuitum
526 3633 582 3682 dare
598 3633 745 3697 mgitaverit.

312 3717 332 3776 4)
366 3715 509 3765 Foroelliui:
539 3716 577 3780 „la
603 3732 624 3764 e.
641 3716 666 3764 iu
684 3715 806 3780 plausibus
824 3715 880 3764 circi
897 3719 922 3764 et
937 3715 1037 3764 theatri:
1056 3732 1110 3764 aum
1127 3719 1195 3764 autea
1211 3719 1275 3778 togas
1292 3714 1379 3762 instare
1401 3729 1454 3761 moa

279 3799 364 3849 esset”
400 3799 457 3848 Vide
473 3797 601 3848 Foreellini
624 3799 650 3846 in
667 3798 751 3847 Iarion
768 3815 787 3847 s.
806 3815 828 3846 v.
846 3798 959 3848 orariam.

315 3883 334 3942 4)
368 3883 509 3950 Rostomr
534 3882 562 3931 in
582 3881 792 3946 Pauly-blisenna,
810 3880 978 3946 sal-nneyel.
998 3881 1088 3939 1v⁸,s.
1107 3896 1129 3928 v.
1147 3881 1293 3944 conparium
1309 3883 1371 3944 (pag.
1386 3878 1454 3938 877).

313 3965 332 4018 4)
368 3965 419 4014 Iat.
437 3965 460 4022 3,
478 3965 492 4017 7
511 3981 574 4029 seqq.
811 3980 814 3985 ·

314 4045 334 4106 7)
368 4046 419 4096 Hae
444 4048 637 4096 frumentationes
662 4051 758 4096 erantne
780 4052 804 4097 et
819 4047 883 4112 ipsae
899 4047 1094 4096 extraordinariae
1110 4047 1222 4111 quaedam
1239 4062 1269 4095 sn
1287 4045 1371 4095 solitae
1387 4061 1456 4094 man-

282 4129 380 4178 atrnssl
414 4129 444 4177 Iu
470 4129 514 4178 illa
539 4131 655 4180 sententia
681 4135 738 4179 suut
763 4129 833 4178 multi
860 4130 905 4179 riri
931 4131 1002 4187 docti,
1027 4134 1055 4179 ut
1079 4129 1210 4179 Radbertus
1236 4129 1253 4177 1.
1271 4129 1289 4178 l.
1311 4145 1363 4194 pag.
1389 4129 1454 4188 3973

282 4210 420 4267 Hirschfeld
438 4212 465 4261 V.
484 4212 540 4261 ul
557 4229 608 4284 pag.
628 4213 676 4263 132
693 4214 747 4264 adu.
764 4213 956 4275 15Rostortsew,
973 4198 1049 4264 lltnda
1066 4228 1107 4263 sur
1124 4212 1159 4262 les
1175 4212 1269 4280 plomba
1286 4212 1394 4279 antiques
1411 4210 1459 4269 tl,
