3274 4998
737 531 801 596 149

185 711 326 778 notandi
343 716 422 776 sunt
433 709 511 791 loci,
524 708 636 796 qualis
648 709 726 774 Tac.
741 709 834 774 Ann.
846 709 946 790 XIII,
960 708 1023 775 27:
1051 707 1106 789 „si
1118 714 1358 796 separarentur

184 824 345 905 libertini,
354 824 571 890 manifestam
580 824 650 889 fore
665 845 687 910 p
699 844 717 890 e
731 845 754 888 n
767 845 790 888 u
803 845 820 888 r
831 823 843 887 i
855 845 876 888 a
888 845 923 888 m
947 823 960 888 i
972 845 995 887 n
1008 843 1031 908 g
1043 844 1060 889 e
1073 844 1097 887 n
1111 843 1134 887 u
1146 843 1166 889 o
1179 845 1196 888 r
1208 844 1232 888 u
1243 823 1358 889 m.''-

184 945 222 1004 ut
255 937 341 1004 scias
373 937 605 1022 ingenuorum
641 936 900 1028 incrementum
937 941 1020 1002 tunc
1049 957 1187 1023 prorsus
1210 936 1356 1003 desiisse.

183 1052 231 1117 At
262 1051 356 1117 idem
390 1049 485 1116 locus
507 1056 541 1116 et
564 1049 623 1115 alii
646 1048 748 1114 multi
772 1049 896 1115 docent
922 1055 1093 1136 quantum
1116 1048 1356 1116 libertinorum

183 1185 348 1230 numerus
371 1169 454 1229 tune
477 1163 639 1250 temporis
661 1169 834 1228 cresceret.
859 1163 981 1250 Itaque
1005 1162 1166 1250 equidem
1182 1184 1244 1250 pro
1264 1169 1355 1230 certo

184 1277 294 1344 habeo
327 1277 365 1342 in
400 1277 558 1343 trecentis
581 1283 615 1342 et
638 1276 761 1361 viginti
791 1275 930 1342 milibus
954 1275 1082 1342 multos
1105 1276 1206 1343 fuisse
1230 1276 1356 1364 quibus

183 1413 263 1457 eum
282 1391 431 1457 civitatis
454 1389 595 1477 plenum
620 1390 673 1455 ius
697 1390 828 1456 deesset
851 1411 894 1455 ex
917 1389 991 1474 lege
1016 1391 1229 1456 frumentum
1245 1389 1356 1477 publi-

183 1526 263 1570 cum
297 1504 450 1590 accipere
486 1525 555 1570 non
579 1503 715 1584 liceret;
741 1503 888 1570 ducenta
913 1503 1009 1569 milia
1032 1509 1150 1570 contra
1174 1512 1271 1570 erant
1293 1503 1354 1586 illi,

183 1639 267 1704 quos
299 1618 496 1701 Augustum
520 1638 661 1682 recensu
684 1616 802 1682 habito
826 1616 1000 1683 admisisse
1025 1617 1184 1684 vidimus.
1212 1616 1235 1699 ¹)
1258 1617 1354 1696 Quae

181 1732 210 1797 si
244 1753 326 1798 vera
361 1731 438 1811 sint,
474 1729 571 1796 facile
605 1730 693 1796 illud
729 1751 866 1817 quoque
902 1736 1055 1817 apparet,
1092 1731 1291 1816 Augustum
1317 1731 1355 1795 in

182 1843 429 1931 accipientibus
463 1843 682 1929 designandis
713 1865 783 1910 non
819 1843 891 1910 sine
926 1865 1028 1909 causa
1056 1843 1223 1911 vocabula
1246 1850 1355 1910 muta·

182 1958 280 2025 visse.
305 1956 331 2044 ²)
378 1959 423 2021 5⁰.
462 1957 554 2036 Quid
592 1957 728 2045 multa?¹
773 1957 937 2042 Legimus
970 1957 1063 2044 apud
1086 1957 1289 2024 Suetonium
1313 1957 1354 2025 de

219 2157 238 2213 t)
272 2153 309 2201 cf.
327 2168 379 2216 pag.
400 2151 455 2200 135.

214 2243 236 2296 ²)
270 2235 367 2284 Scilicet
383 2239 418 2282 cet
435 2235 497 2282 inter
514 2234 576 2282 viros
593 2235 672 2283 doctos
689 2235 847 2284 controversia
864 2239 943 2283 utrum
962 2234 1018 2282 haec
1034 2234 1080 2282 tria
1087 2235 1156 2298 plebs
1168 2235 1356 2299 Romana,ptebe

182 2319 280 2377 urbana,
294 2318 364 2382 plebs
381 2333 440 2382 quae
456 2321 504 2365 tum
517 2319 665 2382 frumentum
680 2318 799 2382 publicum
816 2317 946 2380 accipiebat
960 2317 1023 2365 idem
1032 2317 1150 2366 declarent
1159 2334 1238 2366 necne.
1256 2316 1354 2367 Hirsch-

182 2402 230 2450 feld
256 2403 292 2464 (in
310 2400 399 2449 Philol.
417 2400 434 2449 1.
452 2399 469 2449 l.
487 2416 539 2465 pag.
556 2404 572 2447 4
589 2401 642 2449 adu.
663 2402 686 2461 5)
703 2400 764 2449 illud
782 2401 866 2449 adduci
883 2400 923 2448 vix
941 2405 1023 2464 potest,
1041 2404 1066 2449 ut
1083 2402 1205 2464 Augustus
1222 2401 1273 2450 siue
1287 2418 1356 2451 causa

183 2485 252 2534 verba
277 2484 375 2532 mutarit
400 2483 425 2531 in
448 2483 544 2548 publico
561 2483 605 2532 hoe
622 2499 700 2532 rerum
717 2500 731 2532 e
748 2500 771 2532 se
788 2489 906 2546 gestarum
924 2483 1100 2532 eommentarIo.
1117 2484 1195 2542 Recte,
1212 2484 1259 2533 nisi
1276 2483 1355 2544 fallor,

182 2568 249 2633 ponit
274 2567 367 2632 plebem
393 2567 522 2614 &mamm
548 2566 654 2631 intellegi
680 2567 742 2616 cives
768 2567 885 2616 Romanos
910 2566 1013 2631 plebeiae
1038 2567 1191 2626 condicionis,
1208 2568 1300 2616 urbana
1316 2585 1356 2618 eos

182 2668 275 2715 quoque
300 2649 475 2714 comprehendi,
501 2649 587 2714 quibus
612 2650 716 2698 civitatis
741 2649 839 2714 plenum
864 2650 902 2698 ius
920 2651 1014 2698 deesset.
1033 2650 1134 2698 Graecus
1153 2650 1268 2716 interpres
1286 2650 1354 2699 illam

183 2746 257 2794 reddit
280 2762 322 2810 per
337 2732 431 2807 δῆμος
449 2732 613 2808 Ῥωμαίων,
636 2745 696 2793 hanc
713 2761 754 2810 per
770 2732 863 2812 ὄχλος
883 2733 1059 2802 wederstede.
1094 2745 1218 2809 Quemvis,
1235 2746 1256 2794 si
1274 2746 1355 2794 minus

182 2828 301 2878 subtiliter
317 2829 456 2893 distinguas,
475 2834 572 2893 utroque
590 2829 660 2877 verbo
677 2829 810 2893 promiscue
828 2830 862 2877 uti
881 2829 952 2878 licere
971 2845 1019 2878 non
1037 2829 1355 2893 negaverImtamennescio

182 2929 211 2961 an
224 2913 353 2961 discrimen
370 2912 433 2961 illud
449 2913 511 2962 inter
528 2912 619 2976 plebem
637 2914 751 2961 urbanam
768 2920 791 2960 et
808 2913 937 2961 &menam
954 2914 1126 2977 quodammodo
1145 2929 1189 2962 usu
1197 2930 1291 2978 quoque
1299 2929 1354 2962 eon·

182 2997 295 3044 firmetur.
329 2995 391 3044 Nam
418 2995 484 3060 plebs
502 2997 594 3044 urbana
611 2996 714 3059 „Romae
730 3001 779 3044 erat
797 2995 865 3044 turba
882 2997 1021 3055 otiosorum,
1040 3012 1176 3060 egenorum,
1194 2996 1353 3052 factiosorum,

182 3079 363 3135 turbulentium,
389 3082 412 3128 et
437 3079 463 3126 in
479 3080 530 3127 loro
546 3079 640 3127 assidue
657 3079 825 3128 versantium.''
844 3078 961 3140 (Foroellt
979 3080 1017 3128 uf.
1034 3079 1093 3127 Sall.
1111 3079 1162 3128 cat.
1182 3080 1222 3132 37,
1241 3083 1256 3126 4
1273 3095 1354 3143 seqq.;

182 3161 231 3210 Cic.
249 3163 285 3210 De
301 3162 356 3225 Leg.
374 3177 422 3226 agr.
449 3162 482 3218 Il,
509 3161 549 3219 26,
567 3162 614 3218 70;
632 3167 675 3211 etc.
709 3162 739 3210 Iu
765 3161 833 3225 plebe
857 3162 964 3210 Romana
983 3177 1036 3210 vero
1053 3162 1195 3226 contemptio
1213 3162 1289 3210 inesse
1306 3178 1353 3210 non

182 3245 281 3294 videtur.
316 3245 353 3293 Cf.
372 3245 467 3293 Plinius
484 3245 569 3308 Paneg.
588 3245 635 3293 25:
655 3244 707 3308 „Ne
722 3245 776 3308 quis
791 3261 804 3293 e
820 3244 889 3308 plebe
906 3245 1011 3293 Romana
1028 3245 1097 3292 dante
1113 3244 1261 3308 congiarium
1278 3249 1301 3292 te
1312 3244 1354 3292 ho·

182 3328 270 3376 minem
297 3345 322 3376 se
350 3329 425 3392 magis
450 3328 548 3376 sentiret
572 3328 646 3376 fulsse
671 3344 742 3392 quam
759 3327 860 3376 civem.''
895 3327 979 3391 (tegite
995 3327 1066 3376 etiarn
1084 3328 1112 3376 de
1128 3327 1231 3376 formula
1248 3326 1293 3375 Illa
1309 3343 1356 3391 qua

182 3411 258 3460 omnis
276 3410 379 3476 populus
397 3412 516 3460 Romanus
533 3411 669 3470 designatur
683 3413 786 3474 populus
800 3412 927 3474 plebesque
947 3410 1055 3459 Ιίοιιαηα
1072 3410 1132 3472 (Cic.
1142 3410 1200 3459 Verr
1220 3409 1248 3466 V,
1259 3410 1298 3468 14,
1308 3410 1354 3468 aa

181 3495 227 3543 Pro
245 3495 308 3543 Mur.
329 3495 350 3550 l,
371 3495 382 3542 l
401 3499 462 3554 etc),
479 3495 507 3542 de
525 3510 570 3558 qua
587 3494 690 3542 formula
707 3494 760 3542 vide
777 3493 858 3542 Soltsu
868 3493 969 3543 Altrdm.
980 3493 1174 3558 vallaverepeg.
1185 3495 1217 3542 84
1226 3513 1232 3551 ;
1242 3493 1353 3541 Momms.

181 3577 235 3626 Sta.
253 3577 292 3626 111
309 3593 362 3642 pag.
380 3578 394 3625 d
412 3577 467 3626 adn.
485 3580 508 3627 4.
519 3605 550 3614 -
561 3577 692 3625 Mommsen
703 3575 836 3636 (R.G.D.A2
846 3593 897 3640 pag.
908 3577 938 3625 59
948 3593 1001 3625 cum
1010 3577 1064 3626 adn.
1076 3577 1099 3634 1)
1109 3577 1172 3625 iuter
1180 3576 1225 3624 tria
1234 3575 1277 3623 illa
1286 3574 1356 3624 verba

182 3660 277 3708 nullum
295 3660 423 3709 discrimen
435 3660 545 3709 admittit.
572 3659 704 3723 Eloquendi
722 3660 820 3708 varietas
837 3660 939 3723 ordoque
956 3659 1124 3708 liberalitatem
1142 3663 1167 3707 ut
1176 3657 1354 3722 explicationem

181 3743 288 3802 habeant,
306 3743 380 3791 sumit
401 3759 536 3806 „recensum
555 3743 619 3791 hune
636 3743 739 3807 primum
758 3743 914 3807 perscriptum
932 3759 981 3791 esse
997 3759 1017 3790 c.
1027 3758 1047 3790 a.
1063 3741 1119 3798 750,
1130 3746 1156 3790 ut
1164 3745 1355 3790 enumerarentur

167 3827 318 3878 ,donationes
336 3825 441 3890 primum
460 3825 567 3883 urbanae,
582 3826 665 3874 deiude
683 3831 854 3883 veteranorum,
871 3825 1016 3888 congiarium
1030 3829 1136 3872 autema.
1148 3823 1195 3875 752
1205 3823 1355 3888 posteaadic·

182 3915 245 3958 ctum
262 3909 336 3958 esse.’'
362 3911 394 3958 At
411 3926 464 3958 curn
484 3926 531 3958 non
550 3910 595 3957 nisi
614 3910 661 3958 duo
678 3909 802 3958 homiuum
820 3907 1354 3972 generaiuurbeRcmadiseeruit,pleuoiure

182 3994 244 4041 cives
266 3998 289 4041 et
306 3993 448 4056 peregrinos,
467 3993 511 4056 „ad
528 4009 603 4056 quos.
621 3993 737 4056 quomodo
754 3993 844 4056 priores
861 3990 1014 4038 liberalitates
1023 3990 1098 4053 magis
1107 3991 1228 4054 pervenire
1237 3991 1355 4055 potuerint

182 4092 251 4140 quam
277 4082 394 4140 postrema
418 4075 514 4124 difficile
536 4074 732 4138 intellegta)tur,”
758 4090 837 4138 rogare
863 4073 935 4121 velim
962 4088 1040 4120 noune
1065 4073 1135 4122 etiam
1161 4074 1259 4123 tertium
1279 4090 1355 4138 genua

182 4159 278 4223 cogitari
304 4159 386 4224 possit,
411 4158 453 4222 qui
478 4175 554 4222 neque
579 4157 651 4223 pleno
672 4157 722 4206 iure
739 4157 802 4206 cives
820 4161 896 4205 essent
914 4171 989 4220 neque
1006 4160 1085 4205 umen
1103 4157 1221 4222 peregrini
1238 4157 1354 4224 appellari

183 4247 282 4308 possent.
302 4270 333 4278 -
352 4242 519 4290 Commentum
537 4241 612 4305 magis
629 4257 700 4306 quam
718 4241 834 4290 iudicium
844 4240 907 4289 dicas
916 4239 979 4304 quod
988 4239 1070 4289 scribit
1082 4240 1219 4300 Radbertus,
1229 4240 1354 4290 Bedcnkeu
