3274 4998
838 485 901 550 132

280 684 466 751 parumper
500 661 683 744 sustulisse,
710 663 860 750 Lepidus
886 661 910 750 ¹)
934 684 1025 729 anno
1049 684 1078 728 a.
1103 684 1137 728 u.
1162 684 1190 728 c.
1215 661 1279 728 676
1304 661 1347 749 (a.
1372 661 1452 728 Chr.

281 798 314 842 n.
339 776 396 863 78)
420 775 603 842 restituisse
627 759 772 858 uidetur,
798 782 873 863 post
896 777 1050 864 quinque
1074 796 1182 842 annos
1204 775 1278 860 lege
1292 776 1454 842 Terentia

280 896 315 957 et
348 890 463 957 Cassia
487 889 740 977 quodammodo
764 889 930 956 stabilitas
953 911 1023 956 esse
1047 895 1316 955 consentaneum
1340 895 1400 955 est.
1427 889 1453 976 ς)

280 1003 480 1070 Catilinaria
503 1003 738 1070 coniuratione
763 1003 895 1069 detecta
918 1003 1069 1090 partium
1085 1003 1257 1069 contentio
1274 1003 1454 1069 evidenter

281 1117 450 1204 apparuit.
496 1117 578 1206 Ipse
597 1123 734 1182 senatus
749 1156 751 1162 ν
764 1115 986 1203 popularibus
1010 1138 1230 1202 praecurrere
1252 1115 1451 1202 conabatur.

281 1231 311 1296 E
338 1230 523 1296 Plutarcho
547 1230 641 1296 enim
664 1230 827 1296 discimus
850 1251 941 1296 anno
965 1252 994 1296 a.
1019 1252 1052 1295 u.
1076 1251 1104 1296 c.
1120 1231 1185 1295 692
1198 1230 1240 1316 (a.
1254 1229 1334 1296 Chr.
1347 1252 1382 1296 n.
1396 1231 1453 1316 62)

280 1349 438 1411 senatum
472 1350 609 1410 auctore
644 1343 772 1409 Catone
806 1343 944 1408 turbam
979 1322 1153 1430 quandam
1183 1363 1338 1428 egenam,
1364 1365 1452 1429 quae

280 1463 381 1524 antea
414 1457 604 1542 largitionis
627 1477 697 1522 non
720 1457 838 1522 suisset
861 1458 1040 1544 particeps
1060 1458 1101 1522 in
1125 1457 1339 1522 frumentum
1364 1456 1450 1522 acci-

216 1606 219 1611 ·
281 1571 451 1658 pientium
475 1592 660 1636 numerum
685 1570 859 1656 recepisse.
908 1571 1003 1636 Haec
1027 1576 1107 1635 sunt
1130 1569 1307 1634 Plutarchi
1329 1569 1452 1636 verba:

283 1685 315 1752 „t
347 1685 455 1743 Κάτων
485 1682 630 1762 φοβηθεὶς
660 1681 757 1743 ἔσεισε
790 1681 844 1748 τὴν
873 1681 987 1754 βουλὴν
1018 1681 1179 1754 ἀναλαβεῖν
1200 1677 1252 1740 τάν
1274 1681 1384 1758 ἄπορον
1406 1683 1454 1742 καὶ

279 1787 425 1864 ἀνέμητον
454 1788 546 1868 ὄχλον
568 1789 605 1856 εἰς
625 1786 661 1846 τὸ
682 1787 852 1862 σιτηρέσιον,
875 1786 1074 1863 ἀναλώματος
1095 1783 1150 1864 μὲν
1170 1785 1254 1856 ὄντος
1274 1783 1410 1847 ἐνιαυσίου
1430 1787 1454 1862 ³)

282 1897 384 1978 χιλίων
403 1893 452 1955 καὶ
472 1893 624 1955 διακοσίων
645 1891 693 1954 καὶ
713 1893 1099 1959 σεντήιοονταταλάντων.”
1112 1893 1135 1968 ⁴)
1181 1893 1234 1958 Ita
1257 1893 1454 1960 factumest

283 2012 330 2088 ut,
366 2027 447 2072 cum
479 2027 570 2072 anno
606 2027 635 2072 a.
672 2026 706 2070 u.
730 2027 759 2070 e.
788 2005 852 2069 681
878 2005 920 2089 (a.
945 2003 1024 2071 Ohr.
1049 2027 1083 2070 n.
1107 2005 1163 2091 73)
1184 2028 1201 2072 e
1225 2006 1454 2094 Marquardtii

282 2119 537 2207 computatione
561 2140 640 2184 non·
655 2117 805 2184 multum
828 2117 1048 2184 excessissent
1071 2119 1197 2185 centies
1208 2120 1412 2202 sestertium,
1428 2121 1454 2207 ὃ)

282 2234 319 2299 in
354 2233 637 2298 frumentationes
672 2253 762 2302 anno
798 2233 862 2297 692
898 2231 1032 2298 circiter
1068 2232 1211 2319 triplum
1246 2233 1290 2299 sit
1323 2233 1455 2299 insum·

280 2445 369 2494 Granio
387 2446 510 2494 Liciniano
527 2449 550 2494 et
567 2445 675 2494 Sallustii
689 2429 835 2508 fragmentis,
853 2443 940 2507 quibus
958 2444 1005 2492 viri
1015 2445 1078 2493 docti
1088 2445 1207 2495 nituntur.
1242 2447 1325 2510 Inepte
1334 2445 1455 2496 Walterns

280 2531 306 2580 in
332 2530 446 2583 Historia.
473 2546 544 2594 quam
571 2529 665 2592 scripsit
690 2528 718 2576 de
753 2528 805 2576 iure
830 2527 943 2586 Romano,
970 2528 1080 2576 Sallustii
1106 2528 1186 2578 locum
1211 2530 1241 2578 ad
1258 2531 1455 2580 frumentationes

282 2613 363 2662 referri
389 2613 461 2662 licere
486 2616 555 2676 negat
580 2613 642 2676 quod
663 2611 758 2675 populi,
775 2627 824 2660 non
839 2611 921 2674 plebia,
940 2627 995 2658 voce
1012 2615 1093 2660 utatur
1111 2611 1248 2661 Sallustius.
1266 2613 1313 2674 (Ol.
1334 2613 1452 2662 Humbert

281 2697 308 2746 in
325 2696 388 2744 Dict.
406 2697 447 2744 des
464 2697 546 2760 Antiq.
564 2712 583 2744 s.
601 2711 624 2743 v.
637 2693 815 2758 frumentariae
832 2695 901 2756 leues,
919 2710 971 2758 pag.
991 2694 1054 2746 1347
1072 2696 1126 2744 adn.
1147 2697 1170 2756 l)
1188 2696 1276 2760 Populi
1292 2696 1356 2745 enim
1374 2697 1454 2762 appel·

286 2780 401 2829 lationem
427 2795 475 2826 non
502 2795 554 2828 raro
577 2778 666 2842 plebem
685 2776 759 2840 accipi
776 2779 800 2824 et
816 2780 901 2826 notum
918 2782 952 2825 est
971 2781 995 2826 et
1013 2778 1037 2826 iu
1051 2761 1098 2826 hac
1114 2779 1166 2842 ipsa
1180 2779 1341 2843 disputatione
1360 2781 1454 2845 saepius

282 2879 373 2912 monus.

317 2955 337 3016 ²)
372 2953 409 3002 Gt.
426 2953 505 3018 Marq.
523 2953 541 3002 l.
559 2952 594 3010 l.;
614 2953 726 3000 Momms.
748 2952 774 2998 R.
794 2952 822 3000 G.
840 2951 889 3000 ΙΠ8
906 2967 958 3016 pag.
977 2952 1008 3000 25
1026 2953 1080 3001 adn.
1099 2953 1121 3002 2.

314 3046 335 3106 ¹)
369 3045 419 3094 Cic.
437 3045 504 3094 Vera.
522 3045 571 3103 Ill,
589 3043 630 3100 70,
650 3043 696 3091 loa
707 3062 713 3100 ;
732 3042 760 3100 V,
779 3043 818 3100 21,
838 3043 876 3091 52.
912 3043 947 3092 De
965 3043 1008 3092 hac
1025 3044 1076 3108 lege
1092 3045 1122 3094 cf.
1140 3045 1214 3094 Kuhn
1231 3045 1248 3094 l.
1267 3045 1284 3094 l.
1302 3062 1354 3110 pag.
1373 3045 1455 3103 10083

281 3128 365 3193 Pauly,
384 3127 551 3192 Rem-Enayel.
575 3143 593 3175 s.
613 3143 635 3174 v.
653 3124 769 3188 turpium
788 3125 898 3174 Daremb.
916 3130 940 3174 et
956 3125 1027 3190 Sagl,
1039 3127 1106 3192 Ι11151.
1124 3129 1164 3176 des
1181 3129 1272 3192 antiq,
1290 3145 1308 3176 s.
1327 3145 1342 3176 v
1358 3143 1457 3177 annosa

282 3215 305 3261 et
316 3211 496 3277 frumentariae
512 3213 590 3275 leues,
608 3211 721 3258 Momms.
740 3209 807 3256 Rom.
824 3208 890 3258 l'rih.
907 3225 959 3273 pag.
979 3209 1042 3266 182;
1061 3210 1089 3258 R.
1107 3211 1135 3259 G.
1153 3210 1170 3260 l.
1189 3211 1222 3269 l.;
1241 3212 1317 3275 Marq.
1335 3211 1352 3260 l.
1370 3211 1387 3260 l.

315 3301 335 3360 3)
369 3301 475 3350 Sintenis
492 3302 518 3350 in
535 3302 589 3350 adn.
608 3301 677 3350 crit:
701 3288 854 3350 νὲνιανσίου
874 3319 916 3366 pro
934 3287 1060 3350 ἐνιαυτοῦ
1076 3302 1233 3367 anonymus.’'

316 3386 335 3444 ⁴)
369 3383 434 3432 Plut.
461 3383 518 3432 Cato
543 3385 601 3432 min.
631 3386 669 3433 26.
706 3387 743 3436 cf.
769 3387 840 3435 etiam
867 3387 933 3436 Caes.
952 3387 984 3442 8;
1003 3387 1044 3435 Rei
1062 3386 1128 3451 publ.
1145 3401 1193 3449 ger.
1210 3401 1285 3450 praec.
1303 3385 1344 3443 24,
1362 3385 1385 3432 8.
1420 3385 1457 3432 De

283 3471 331 3516 tota
348 3467 391 3515 hae
408 3483 433 3514 re
450 3466 501 3530 lege
519 3467 654 3516 Mommsen
672 3470 700 3518 R.
721 3470 750 3518 G.
768 3469 785 3518 l.
804 3469 821 3518 l.
840 3485 890 3534 pag.
911 3470 976 3527 196;
995 3470 1119 3518 Drumann
1137 3469 1165 3516 G.
1183 3469 1211 3516 R.
1229 3468 1255 3516 lI
1272 3483 1324 3532 pag.
1342 3467 1400 3526 238,
1417 3467 1456 3516 ΠΙ

281 3567 333 3616 pag.
350 3550 406 3608 115,
425 3550 444 3598 V
463 3566 514 3614 pag.
535 3551 582 3598 159
601 3568 647 3615 seq.
667 3551 737 3616 Quod
747 3553 889 3601 Plutarchus
899 3553 938 3601 hic
947 3558 1027 3602 narrat
1036 3555 1063 3601 de
1072 3569 1143 3616 egena
1151 3551 1221 3601 turha
1229 3551 1455 3600 addistribntionem

282 3634 383 3683 admissa
401 3633 550 3682 Mommseno
568 3637 616 3682 tam
635 3635 723 3683 mirum
742 3635 842 3694 ridetur,
853 3637 958 3684 utfidem
968 3636 989 3684 ei
999 3634 1248 3700 abroget(Rdm.'l'rib.
1258 3651 1310 3698 pag.
1326 3634 1390 3695 182).
1408 3634 1455 3682 111-

282 3718 379 3784 plicatio
397 3733 452 3766 sane
468 3717 562 3766 facilis!
598 3717 664 3782 Quae
682 3735 753 3782 quam
771 3735 855 3782 parum
873 3720 921 3767 veri
940 3719 1027 3768 similis
1041 3719 1127 3767 sitiam
1137 3717 1426 3778 Nasseanimadvertit(o.
1437 3716 1454 3765 l.

281 3817 334 3866 pag.
353 3802 409 3862 ll):
429 3802 554 3866 „Attamen
572 3801 650 3850 nescio
667 3817 697 3850 an
714 3801 819 3850 hauserit
835 3819 847 3850 e
864 3803 928 3851 fonte
945 3818 1093 3866 nequaquam
1110 3802 1144 3850 ita
1161 3801 1290 3866 spernenda
1306 3800 1454 3858 Plutarchus,

282 3885 370 3949 quippe
383 3885 424 3948 qui
441 3888 545 3934 accurate
563 3886 646 3933 referat
663 3900 753 3932 annuas
771 3884 891 3948 impensas
908 3885 952 3933 hcc
971 3883 1173 3933 senatusconsulto
1191 3883 1276 3933 ortas.'’

317 3967 335 4026 ⁵)
370 3967 508 4030 Marquardt
530 3967 556 4030 (l.
583 3967 600 4016 l.
626 3984 678 4032 pag.
698 3967 743 4034 115
760 3967 813 4014 adn.
832 3967 857 4028 2)
874 3972 963 4032 praeter
980 3967 1063 4016 alteras
1081 3968 1188 4016 decumas
1206 3970 1228 4016 et
1245 3968 1391 4015 frumentum
1409 3967 1454 4015 im·

281 4053 388 4114 peratum
414 4050 484 4098 etiam
510 4051 640 4099 ordinarias
657 4051 752 4098 Siciliae
769 4051 877 4099 decumas
896 4051 959 4099 senis
976 4055 999 4099 at
1016 4051 1143 4099 trientibus
1163 4051 1264 4100 urbanae
1281 4050 1344 4116 plebi
1363 4051 1455 4099 venisse

282 4135 356 4196 putat.
390 4131 456 4179 Num
482 4137 542 4181 recte
567 4133 628 4182 mihi
651 4133 717 4182 valde
744 4133 843 4181 dubium
861 4137 903 4182 est.
939 4133 1017 4198 Quare
1033 4133 1084 4192 alii,
1102 4138 1129 4182 ut
1146 4134 1281 4183 Mommsen
1297 4135 1336 4196 (R.
1355 4134 1383 4182 G.
1402 4133 1419 4182 l.
1436 4133 1453 4182 l.

281 4229 334 4281 pag.
352 4213 383 4262 25
402 4230 456 4262 cum
473 4216 527 4265 adn.
546 4215 578 4276 2),
596 4233 714 4266 summam
732 4215 843 4266 exhibent
860 4217 906 4266 ista
923 4216 999 4267 multo
1016 4217 1141 4267 minorem.
