3296 5008
849 533 913 599 288

288 718 395 797 pertas
437 732 584 800 usquam
624 709 784 792 inveniri,
819 717 948 778 ceteros
982 717 1101 778 contra
1135 711 1265 778 solutae
1300 711 1463 778 orationis

292 825 471 912 scriptores
509 825 702 913 (plerosque
741 825 845 912 certe)
882 825 994 912 potius
1032 825 1116 892 haec
1153 825 1320 893 vocabula
1355 846 1461 913 quam

292 960 381 1024 epau
402 945 471 1004 cett.
494 957 685 1025 usurpasse.

336 1050 410 1117 Illis
443 1051 641 1136 Landgrafii
675 1050 970 1118 observationibus
1004 1052 1127 1118 addere
1164 1052 1278 1134 velim,
1304 1074 1392 1140 quae
1416 1075 1463 1119 se·

294 1171 458 1252 quuntur.
505 1165 603 1245 Quod
637 1165 678 1230 de
702 1164 844 1231 vocibus
864 1187 987 1252 pauper
1009 1173 1043 1232 et
1061 1174 1236 1253 paupertas
1258 1167 1401 1247 notavit,
1424 1189 1463 1234 eo

294 1278 527 1360 confirmatur,
552 1279 643 1366 quod
668 1278 704 1344 in
728 1278 901 1345 Ciceronis
924 1280 1057 1366 scriptis
1081 1279 1122 1346 de
1147 1279 1364 1366 philosophia
1384 1303 1466 1366 pau-

289 1415 349 1479 per
370 1393 503 1480 septies,
522 1399 696 1478 paupertas
716 1392 946 1459 duodetricies
968 1394 1154 1460 iuvenitur.
1201 1393 1302 1472 Quod
1327 1415 1408 1462 vero
1424 1394 1466 1461 de

295 1507 438 1573 Caesare
460 1506 553 1588 dicit,
575 1505 650 1573 leve
671 1512 741 1587 est;
766 1528 849 1572 nam
871 1529 961 1592 muta
983 1529 1120 1594 quoque
1145 1505 1196 1573 bis
1220 1507 1331 1589 modo,
1352 1515 1468 1593 epestaa

295 1642 366 1686 non
404 1620 470 1686 nisi
504 1619 609 1686 semel
643 1619 735 1706 apud
759 1642 840 1686 eum
864 1621 1020 1687 occurrit.
1069 1621 1202 1708 Operae
1226 1621 1377 1708 pretium
1402 1622 1468 1687 fuit

295 1733 494 1819 Landgrafii
517 1733 670 1819 vestigiis
693 1733 908 1801 insistentem
931 1734 1095 1820 indagare
1120 1735 1279 1821 quotiens
1299 1734 1468 1803 vocabula

292 1869 425 1933 pauper,
455 1869 553 1932 epeua
579 1855 686 1928 cetero,
710 1868 790 1914 cum
815 1848 851 1913 in
874 1848 1015 1935 reliquis
1037 1849 1210 1915 Ciceronis
1233 1849 1368 1935 scriptis
1390 1856 1467 1915 tum

295 1961 388 2049 apud
423 1960 507 2027 alios
544 1961 724 2048 scriptores
746 1961 887 2028 Latinos
910 1962 1142 2030 inveniantur.
1188 1963 1285 2041 Quae
1309 1983 1362 2028 res
1386 1984 1468 2029 oum

295 2075 442 2142 maiores
477 2073 602 2141 habeat
625 2075 853 2158 difficultates,
879 2075 961 2164 quia
982 2096 1173 2162 paucorum
1197 2082 1333 2142 tantum
1356 2075 1469 2142 lexioa

294 2195 440 2268 exstant,
478 2189 515 2254 in
550 2188 676 2276 quibus
711 2211 830 2256 omnes
867 2189 934 2256 loci
968 2189 1183 2274 singulorum
1219 2189 1466 2258 vacabulorum

294 2303 437 2370 indicati
460 2307 550 2384 sunt,
575 2324 663 2390 quae
687 2309 824 2370 exstant
846 2303 1029 2389 diligenter
1052 2310 1292 2390 perscrutatus,
1317 2303 1467 2370 aliorum

295 2415 468 2483 indicibus
503 2438 584 2483 usus
614 2416 902 2504 locupletissimis,
928 2439 1016 2504 quae
1039 2417 1247 2504 inquirendo
1271 2418 1406 2504 repperi
1429 2419 1465 2483 in

217 2545 218 2548 ’
296 2528 415 2597 tabula
437 2531 698 2618 circumscripsi.
744 2531 847 2610 (Vide
873 2553 950 2618 pag.
975 2533 1065 2617 290.)

340 2644 445 2731 Apud
469 2645 671 2731 posteriores
700 2645 879 2731 scriptores
902 2644 1079 2726 vocabula,
1105 2667 1192 2732 quae
1217 2652 1298 2711 sunt
1320 2667 1410 2731 epeua
1433 2651 1468 2712 et

295 2765 419 2844 mutas,
442 2758 480 2824 in
495 2759 698 2826 universum
710 2759 819 2844 magis
831 2759 1009 2846 magisque
1022 2758 1229 2826 obsolescere
1242 2765 1386 2840 constat,
1402 2759 1469 2824 Ta·

296 2871 362 2938 cito
386 2878 539 2959 excepte,
565 2872 657 2959 quod
682 2873 809 2938 mirum
833 2895 903 2939 non
927 2879 986 2955 est,
1012 2873 1176 2960 quoniam
1202 2873 1275 2938 eius
1299 2873 1406 2939 oratio
1430 2873 1468 2938 in

296 3006 361 3052 usu
395 2984 643 3052 vocabulorum
675 3007 774 3073 saepe
799 2986 999 3053 Ciceronem
1022 2994 1056 3052 et
1078 2984 1281 3052 Sallustium
1304 2986 1470 3052 imitatur.

297 3098 495 3183 Landgrafii
521 3119 601 3165 vero
628 3100 816 3166 sententiae
839 3099 1358 3185 adiectivorumepeuaetepeuus
1369 3121 1470 3165 usum

296 3212 437 3278 tandem
461 3231 525 3278 usu
548 3213 642 3278 vocis
660 3234 785 3299 pauper
807 3235 878 3279 esse
903 3212 1080 3300 repulsum
1105 3212 1130 3300 ¹)
1154 3213 1334 3298 suffragari
1351 3212 1470 3294 nolim,

298 3325 390 3413 quod
415 3327 459 3391 ad
487 3331 686 3410 „argenteae
712 3326 852 3392 aetatis'’
880 3327 1060 3413 scriptores
1075 3327 1206 3393 attinet.
1230 3327 1471 3394 Immonescio

297 3460 353 3520 an,
365 3439 393 3504 si
405 3438 798 3523 accurate'distinguant,
811 3439 863 3504 illi
876 3460 1013 3527 quoque
1030 3440 1213 3507 discrimen
1225 3439 1312 3506 illud
1324 3447 1470 3522 servent,

299 3552 391 3639 quod
414 3573 476 3618 nos
499 3551 590 3618 inter
613 3551 782 3618 vocabula
805 3573 999 3638 synonyma
1012 3575 1145 3641 pauper,
1158 3555 1260 3641 inope,
1273 3576 1372 3640 epau,
1385 3575 1471 3620 meu·

298 3666 386 3733 dieue
407 3665 617 3732 intercedere
631 3665 954 3748 demonstravimus.
979 3667 1027 3735 Ut
1039 3668 1196 3734 omittam
1209 3668 1377 3750 Tacitum,
1391 3689 1473 3755 pen·

273 3789 276 3792 ’
299 3779 426 3846 dantur
445 3778 512 3846 loci
525 3799 611 3864 quos
623 3778 723 3845 attuli
736 3801 753 3846 e
767 3779 907 3848 Valerio
919 3779 1084 3860 Maximo,
1098 3780 1238 3859 Seneca,
1251 3781 1375 3863 Plinio,
1388 3781 1470 3848 Sue·

299 3892 403 3960 tonia.
427 3890 454 3978 ²)
499 3891 593 3971 Quin
617 3892 721 3958 etiam
747 3892 895 3978 legimus
907 3893 998 3981 apud
1011 3893 1126 3981 ipsum
1138 3893 1397 3981 Symmachum,
1413 3895 1473 3982 qui

304 4156 305 4160 ,
334 4106 354 4165 1)
387 4104 467 4168 Ipsius
493 4103 563 4153 verba
588 4108 644 4154 runt
669 4105 696 4167 (l.
714 4106 731 4156 l.
757 4106 904 4170 pug.178):
925 4106 984 4172 ,sla
1003 4112 1079 4172 sp'a'ter
1097 4124 1199 4172 agane
1217 4109 1265 4157 und
1283 4124 1411 4172 egenas
1429 4125 1472 4158 un·

299 4187 433 4252 tergingen,
446 4192 492 4238 trrt
508 4203 570 4254 pau
580 4204 639 4254 per
656 4189 690 4237 im
708 4189 788 4238 vollen
805 4189 879 4239 Sinna
897 4207 991 4240 anseres
1011 4191 1091 4256 „arm“
1110 4192 1136 4241 in
1154 4192 1192 4242 die
1208 4191 1287 4242 Liiolre
1303 4191 1367 4244 ein.’'

332 4272 354 4334 ²)
388 4272 425 4324 Cf.
444 4287 512 4339 pagg.
532 4271 589 4332 282,
607 4272 665 4335 285,
684 4271 740 4322 286.
