3296 5008
765 522 831 586 263

212 700 363 787 quinon
387 699 553 766 haberent
575 699 666 766 unde
691 707 879 778 uterentur,
908 705 941 765 et
964 700 999 764 id
1012 721 1121 785 genus
1134 699 1202 766 alii.
1232 699 1381 766 Clientes

210 835 279 880 non
313 835 431 880 omnes
454 814 556 880 fuisse
580 813 749 899 indiguos,
775 813 900 900 quibus
925 791 1193 892 succurreretur,
1218 813 1381 900 equidem

210 949 279 994 non
324 926 466 1012 negabo,
510 948 621 1013 neque
657 948 736 994 vero
772 927 862 992 inter
899 926 1096 1006 „dominos”
1134 925 1158 1012 ι)
1195 926 1380 993 nonnullos

210 1041 311 1106 luisse
336 1062 413 1107 vere
438 1041 618 1106 humanos.
642 1039 668 1127 ⁹)
715 1039 861 1106 Illorum
883 1039 1112 1124 tamenlonge
1125 1039 1266 1126 plurimi
1282 1039 1380 1107 valde

210 1161 307 1220 erant
337 1155 531 1220 miserandi.
578 1155 672 1239 Toga
696 1155 812 1219 amicti
836 1191 880 1202 -
902 1152 929 1240 3)
953 1153 1125 1220 eumalio
1150 1154 1275 1220 vestitu
1304 1154 1380 1234 „do-

211 1269 325 1334 mino''
349 1275 482 1355 praesto
506 1290 575 1334 esse
600 1289 670 1333 non
694 1267 818 1334 licebat
842 1306 885 1316 —
909 1268 952 1332 ad
969 1268 1081 1333 officia
1093 1268 1297 1354 praestanda
1310 1268 1381 1332 iam

211 1389 313 1448 noctu
338 1382 391 1448 vel
415 1382 528 1468 prima
550 1381 625 1448 luce
648 1382 763 1447 itineri
787 1405 821 1448 se
845 1382 1057 1448 committere
1071 1381 1235 1447 solebant.
1260 1382 1287 1466 4)
1309 1381 1381 1446 Nec

211 1496 321 1562 ventis
344 1495 669 1581 tempestatibusque
696 1516 757 1561 nec
781 1496 917 1560 viarum
940 1495 1012 1560 luto
1036 1516 1099 1560 nec
1125 1494 1382 1579 longinquitati-

210 1609 274 1674 bus
307 1608 558 1674 detinebantur.
594 1613 617 1689 ὅ)
662 1609 835 1688 Quorsum
872 1630 953 1676 vero
990 1609 1166 1695 spectabat
1202 1609 1286 1674 haec
1310 1614 1383 1672 tam

211 1723 359 1789 officiosa
400 1722 587 1788 sedulitas?
645 1721 812 1788 Omnium
850 1744 931 1788 sane
966 1723 1151 1810 praecipua
1189 1743 1272 1789 cura
1309 1727 1382 1786 erat

211 1836 368 1902 salutatio
403 1835 582 1901 matutina.
644 1835 745 1901 Multi
783 1844 898 1902 tamen
937 1857 997 1922 per
1034 1844 1147 1902 totum
1184 1837 1253 1902 fere
1290 1835 1382 1901 diem

214 1948 435 2030 „dominum”
472 1948 599 2036 ubique
633 1951 794 2036 prosequi
828 1949 1009 2032 debebant,
1047 1950 1072 2036 ⁶)
1112 1950 1158 2030 „si
1182 1951 1219 2015 in
1243 1948 1382 2015 turbam

211 2062 392 2144 incidebat,
416 2071 556 2129 cunctos
579 2063 729 2130 umbone
752 2063 925 2150 repellere,
949 2064 1003 2131 vel
1028 2065 1056 2129 si
1083 2064 1124 2129 lis
1148 2069 1230 2144 erat,
1251 2063 1383 2148 ingenti

211 2177 320 2242 facere
355 2177 509 2243 convicia
545 2178 658 2243 voce.''
695 2176 721 2264 7)
778 2178 957 2264 Quidquid
993 2178 1141 2264 donique
1177 2177 1383 2264 loquebatur

212 2288 424 2377 faciebatque
459 2289 666 2356 laudabant:
713 2290 739 2377 8)
774 2293 801 2357 si
836 2292 989 2358 carmina
1023 2290 1195 2372 recitabat,
1233 2311 1384 2376 assurge·

221 2501 413 2511 *-

249 2635 266 2696 ¹)
300 2635 405 2684 Clientes
423 2640 531 2700 patronos
548 2636 654 2684 dominos
672 2636 708 2684 vel
725 2653 790 2700 reyes
807 2637 925 2702 appellare
939 2637 1051 2687 solebant.
1070 2637 1107 2686 Ol.
1127 2637 1214 2686 Friedl.
1232 2654 1254 2685 o.
1272 2637 1288 2684 l.
1299 2636 1321 2684 Ια
1332 2652 1385 2700 pag.

215 2719 261 2766 385
272 2737 279 2775 ;
298 2719 374 2782 Marq.
392 2718 409 2767 l.
428 2718 445 2767 l.
463 2735 515 2783 pag.
534 2719 590 2768 206.

247 2805 265 2857 ²1
303 2801 339 2849 Of.
357 2801 444 2850 Friedl.
462 2801 479 2850 l.
497 2801 514 2850 l.
533 2817 584 2866 pag.
603 2799 651 2850 390
669 2803 698 2850 de
715 2803 808 2851 Pisone.

247 2888 267 2949 3)
301 2888 443 2950 sumptuosa
459 2885 503 2933 illa
523 2885 619 2949 quidem
636 2887 762 2950 eademque
778 2891 862 2935 aestate
879 2887 977 2936 molesta
995 2887 1083 2936 vestis!

248 2973 266 3031 4)
301 2969 354 3018 Iuv.
373 2969 400 3027 V,
420 2969 449 3016 19
468 2984 548 3032 seqq:

516 3051 637 3115 „Trebius
655 3057 749 3116 propter
766 3053 828 3116 quod
845 3068 953 3117 rumpere
971 3069 1081 3101 somnum

314 3135 403 3185 Debent
419 3141 442 3184 ct
458 3133 545 3198 ligulas
562 3134 689 3193 dimittere,
707 3135 824 3183 sollicitus
843 3152 872 3184 ne

314 3219 372 3268 'Pota
389 3218 512 3266 salutatrix
530 3219 577 3265 iam
595 3217 664 3266 turba
681 3219 796 3282 peregerit
813 3218 900 3277 orbern,

316 3301 437 3350 Sideribus
453 3300 533 3349 dubiis
549 3306 590 3348 aut
607 3300 651 3348 illo
669 3307 779 3364 tempore,
798 3318 844 3366 qno
861 3318 885 3350 se

315 3385 409 3449 Frigida
426 3384 589 3446 circumagunt
607 3384 667 3448 pigri
686 3401 775 3432 serraca
792 3384 897 3434 bootae.¹'

216 3477 252 3525 Ol.
279 3476 451 3526 stanvelt
476 3491 555 3539 scqq.;
573 3474 618 3530 ΙΙΙ,
639 3474 684 3521 126
703 3491 766 3538 seqq.
786 3503 817 3511 —
834 3475 931 3524 Lucian.
950 3475 1046 3540 Nigrin.
1065 3476 1096 3524 22
1115 3477 1168 3538 iud.
1187 3477 1284 3538 Didotl:
1310 3466 1389 3532 ηΠο·

217 3558 253 3618 λὺ
284 3555 316 3618 δὲ
346 3558 458 3617 τούτων
486 3561 509 3614 οἱ
529 3557 699 3632 προσιόντες
720 3555 801 3616 αὐτοὶ
822 3558 869 3619 καὶ
891 3560 1095 3634 θεραπεύοντες
1114 3561 1302 3636 γελοιότεροι,
1326 3583 1389 3623 νυν·

217 3652 269 3724 τὸς
300 3651 356 3730 μὲν
386 3651 608 3733 ἐξανιστάμενοι
638 3653 744 3728 μέσης,
777 3654 953 3728 περιθέοντες
984 3651 1016 3715 δὲ
1036 3653 1066 3714 ἒν
1088 3657 1189 3733 κύκλῳ
1206 3656 1260 3721 τὴν
1274 3657 1389 3716 σολιν.”

217 3751 300 3800 Plures
317 3751 380 3799 locos
399 3751 452 3798 vide
473 3751 535 3814 apud
553 3751 637 3813 Mayor
654 3751 684 3798 ad
703 3751 755 3799 luv.
774 3751 801 3806 V,
822 3752 861 3799 19.

253 3835 271 3894 ⁵)
306 3833 342 3882 (ΙΙ.
361 3834 431 3882 Mart.
449 3832 495 3891 Ill,
513 3834 560 3890 36;
580 3833 607 3891 V,
626 3833 673 3890 22;
693 3833 721 3888 ll,
741 3834 788 3890 82;
807 3834 862 3890 ΧΠ,
882 3835 929 3890 26;
949 3835 1001 3882 Iuv.
1020 3835 1049 3892 V,
1068 3835 1099 3887 76
1117 3829 1180 3900 seqq.

251 3918 269 3978 Ι)
304 3917 369 3980 Quin
386 3916 443 3964 lassi
461 3915 581 3964 interdum
599 3917 699 3964 eundem
717 3917 806 3964 decima
823 3918 879 3964 adeo
898 3916 934 3964 vel
952 3917 1027 3965 serius
1046 3917 1104 3965 hora
1121 3918 1147 3965 in
1161 3917 1279 3982 Agrippae
1287 3918 1391 3966 thermas

218 4000 382 4065 sequebantur,
408 4015 461 4047 cum
489 3999 536 4062 ipsi
562 3999 587 4045 iu
608 3999 655 4046 Titi
674 3999 809 4047 lavarentur
825 3999 907 4059 (Mart.
926 3999 972 4055 ΙΙΙ,
991 4001 1040 4054 36).
1075 4001 1191 4048 Thermae
1207 4001 1263 4048 illae
1279 4001 1391 4050 dimidiae

218 4083 265 4130 fere
282 4083 352 4130 horae
369 4082 444 4146 spatio
457 4081 520 4130 iuter
538 4098 561 4130 se
578 4081 703 4131 distabant.
722 4083 758 4131 Ol.
776 4081 864 4130 Friedl.
882 4083 911 4130 ad
929 4082 992 4130 hunc
1010 4082 1128 4131 Martialis
1145 4082 1231 4132 locum.

252 4165 271 4224 7)
306 4165 376 4214 Mart.
395 4165 441 4222 Ill,
459 4165 500 4213 46.

252 4247 273 4310 8)
307 4247 378 4298 Mart.
397 4247 442 4306 xl,
458 4247 499 4306 24,
518 4250 541 4298 3.
