3296 5008
801 447 866 514 270

252 627 430 696 communi
452 625 583 694 auxilio
605 645 725 694 eorum
744 625 964 712 collegarum,
981 626 1042 712 qui
1053 625 1205 693 subsidio
1217 623 1422 710 indigerent,

255 747 375 830 parata
408 746 443 809 et
470 739 609 810 solitum
633 739 807 826 refugium
830 739 994 807 orborum
1018 760 1289 827 pauperumque,
1314 759 1421 826 quam

254 854 298 922 ob
320 876 394 922 rem
415 854 529 941 legata
551 854 595 922 ad
618 854 692 941 pias
714 874 835 920 causas
857 859 1043 938 antequam
1066 851 1251 920 Christiani
1275 851 1430 939 impera·v

255 974 344 1038 tores
367 967 490 1036 melius
512 968 553 1034 iis
576 966 809 1054 prospicerent
831 965 1033 1054 plerumque
1056 965 1207 1052 collegiis
1229 965 1308 1032 data
1330 971 1364 1032 et
1380 965 1424 1032 ab

255 1103 376 1150 eorum
410 1081 580 1167 magistris
603 1080 841 1148 administrata
863 1101 933 1146 esse
958 1079 1135 1147 arbitror.''
1161 1078 1186 1166 ¹)
1231 1079 1345 1146 Immo
1370 1100 1427 1145 ne·

255 1195 398 1262 cessarie
431 1193 680 1263 demonstravit
714 1192 886 1278 Waltzing
919 1199 1054 1259 tantum
1078 1193 1192 1260 abesse
1216 1199 1256 1259 ut
1277 1215 1427 1280 pagano-

256 1329 335 1376 rum
369 1307 512 1393 oollegia
544 1330 562 1374 e
597 1307 871 1374 Christianorum
905 1307 1121 1394 interpretari
1152 1306 1261 1387 liceat,
1286 1313 1325 1372 ut
1347 1307 1427 1372 Ter-

257 1421 423 1489 tullianus
456 1420 515 1488 illo
549 1421 623 1508 ipso
661 1420 736 1487 loco
759 1420 844 1487 haec
867 1419 935 1486 illis
956 1420 1057 1505 longe
1082 1426 1252 1508 praestare
1277 1427 1426 1488 moneat.

257 1537 378 1623 Neque
402 1557 483 1604 vero
507 1535 615 1600 ullam
638 1533 867 1622 persuadendi
891 1535 1126 1601 necessitatem
1151 1533 1317 1600 adhibent
1336 1534 1425 1601 Plin.

258 1650 321 1736 Ep.
346 1650 389 1716 92
413 1649 483 1734 (93)
506 1654 540 1715 et
562 1651 604 1716 93
628 1648 708 1735 (94),
734 1669 819 1734 quas
843 1647 984 1735 quidem
1003 1654 1036 1714 et
1048 1649 1138 1735 ipsas
1151 1648 1215 1715 viri
1227 1647 1318 1714 docti
1329 1647 1428 1714 affer·
1460 1684 1462 1688 ·

257 1785 293 1829 re
315 1762 434 1829 solent.
479 1762 522 1828 In
545 1761 651 1829 altera
674 1762 711 1828 O.
737 1761 870 1828 Plinius
894 1761 1011 1828 scribit
1030 1762 1177 1828 Traiano
1200 1762 1427 1849 Imperatori:

260 1876 523 1958 „Amisenorum
547 1875 667 1942 civitas
689 1875 797 1942 libera
820 1881 854 1942 et
876 1875 1049 1942 foederata
1071 1875 1429 1961 beneficioindulgen·

258 1989 324 2056 tiae
347 1995 426 2056 tuae
449 1988 585 2074 legibus
609 1989 678 2056 suis
702 1990 819 2054 utitur.
866 1989 909 2054 ln
932 1989 997 2055 hac
1021 1989 1139 2054 datum
1164 1989 1253 2054 mihi
1271 1989 1428 2056 libellum

257 2103 299 2170 ad
325 2124 446 2170 aranos
470 2104 497 2190 8)
521 2103 750 2190 pertinentem
774 2103 827 2169 his
850 2103 972 2170 litteris
994 2102 1133 2184 subieci,
1154 2109 1192 2168 ut
1212 2109 1260 2184 tu,
1277 2103 1426 2186 domine,

257 2217 439 2303 dispiceres
473 2216 558 2304 quid
592 2223 626 2282 et
662 2223 831 2306 quatenus
865 2223 925 2282 aut
958 2217 1228 2303 permittendum
1262 2224 1323 2282 aut
1354 2239 1431 2305 pro-

257 2330 450 2398 hibendum
484 2329 670 2418 putaresffs
709 2330 907 2417 Respondet
937 2336 1054 2397 autem
1089 2331 1257 2398 Traianus
1291 2331 1427 2400 Plinio:

255 2594 379 2644 honoraria
398 2611 498 2652 summa,
516 2594 583 2658 quasi
601 2595 733 2658 redemptae
751 2593 873 2656 religionis
890 2598 1056 2657 congregatur;
1075 2594 1191 2642 modicam
1210 2596 1375 2660 unusquisque
1389 2597 1429 2645 sti·

256 2693 310 2743 pem
328 2682 448 2726 menstrua
466 2678 512 2736 die,
530 2677 567 2725 vel
584 2693 658 2741 quum
677 2676 742 2734 velit,
760 2677 819 2724 etsi
838 2676 906 2724 modo
925 2676 983 2724 velit
999 2682 1021 2724 et
1038 2677 1057 2724 si
1076 2678 1145 2725 modo
1161 2678 1242 2741 possit,
1251 2679 1349 2744 apponit
1361 2695 1430 2728 :nam

256 2777 326 2810 nemo
343 2759 501 2826 compellitur,
520 2761 560 2809 sed
577 2765 659 2828 sponte
676 2761 772 2808 confert.
807 2760 870 2807 Haec
888 2760 955 2823 quasi
973 2760 1076 2826 deposita
1095 2761 1189 2824 pietatis
1206 2766 1269 2810 sunt.
1304 2763 1365 2810 Nam
1376 2763 1432 2812 inde

257 2861 305 2893 non
322 2844 400 2909 epulis
414 2861 456 2892 nec
473 2843 597 2908 potaculis,
623 2859 666 2891 nec
691 2843 789 2906 ingratis
807 2842 934 2890 voratrinis
952 2843 1107 2907 dispensatur,
1125 2844 1165 2892 sed
1182 2845 1261 2908 egenis
1279 2844 1369 2894 alendis
1387 2847 1430 2894 hu·

256 2927 402 2991 mendisque,
420 2932 443 2975 et
460 2927 540 2991 pueris
557 2943 583 2974 ac
601 2925 688 2990 puellis
706 2942 730 2974 re
747 2942 773 2974 ac
791 2924 928 2989 parentibus
945 2925 1070 2982 destitutis,
1080 2926 1177 2990 jamque
1186 2928 1319 2976 domesticis
1329 2929 1432 2988 senibus,

256 3011 313 3060 item
337 3010 463 3074 naufragis,
484 3014 507 3058 et
532 3010 552 3058 si
579 3009 620 3073 qui
648 3009 674 3058 in
700 3008 811 3068 metallis,
829 3013 853 3057 et
869 3009 890 3056 si
907 3009 949 3073 qui
967 3009 993 3058 in
1011 3009 1106 3068 insulis,
1127 3009 1165 3058 vel
1182 3011 1206 3059 in
1226 3011 1346 3070 custodiis,
1363 3013 1431 3060 dum-

256 3097 319 3144 taxat
336 3109 363 3142 ex
380 3109 461 3142 caussa
478 3093 521 3141 Dei
540 3097 614 3141 sectae
631 3092 723 3142 alumni
742 3092 898 3141 consessionis
915 3109 970 3141 suae
986 3093 1072 3141 fiunt.''

292 3177 312 3238 1)
345 3193 367 3225 ο,
394 3175 411 3226 l.
436 3191 489 3240 pag.
515 3176 556 3224 91.
592 3176 735 3224 Mommseni
762 3175 871 3240 opinioni
888 3180 1035 3224 accesserunt
1049 3176 1094 3224 riri
1112 3177 1174 3225 docti
1192 3177 1339 3242 complures;
1358 3179 1433 3228 immo

257 3263 314 3309 runt
329 3260 372 3326 qni
388 3259 489 3320 collegia
500 3259 656 3323 funeraticia
676 3276 724 3308 non
742 3259 790 3308 nisi
807 3259 908 3323 speciem
924 3259 1042 3323 quandam
1057 3261 1433 3324 terruiomareolleqiorumfaisse

256 3343 405 3392 contendant.
440 3342 477 3391 Cf.
504 3343 618 3406 hearing,
644 3343 727 3392 Gesch.
745 3343 768 3391 d.
788 3343 893 3391 deutsoh.
912 3342 1038 3391 Kirchenr.
1056 3343 1068 3391 1
1085 3360 1137 3407 pag.
1156 3343 1204 3392 204
1224 3360 1305 3409 seqq.;
1323 3345 1432 3405 Schiller‚

257 3426 340 3475 Gesch.
363 3425 386 3474 d.
405 3429 463 3474 rdm.
482 3425 587 3474 Kaiserz.
607 3426 619 3474 Ι
634 3442 687 3490 pag.
705 3425 754 3473 423
764 3445 770 3483 ;
790 3425 893 3490 Schiess,
910 3425 955 3474 Die
974 3429 1034 3474 ro'rn.
1052 3425 1107 3474 coll.
1125 3427 1233 3486 lauant,
1248 3443 1300 3492 pag.
1313 3427 1433 3488 83Mane,

257 3509 334 3558 Praei.
360 3507 419 3557 fabr.
445 3523 498 3572 pag.
525 3508 556 3556 29
583 3524 663 3572 seqq.;
681 3507 807 3557 Liebenam
827 3509 895 3557 Rdrn.
915 3507 1044 3558 Vereinsw.
1061 3525 1113 3574 pag.
1132 3511 1180 3568 403
1198 3509 1249 3560 alii.

291 3591 311 3654 ¹)
344 3591 380 3640 De
402 3590 466 3640 hisce
483 3591 565 3640 erana
582 3590 633 3655 lego
650 3591 713 3655 apud
731 3590 857 3655 Waltaing,
874 3575 952 3640 illude
971 3591 1053 3641 histor.
1071 3608 1111 3641 sur
1128 3592 1162 3641 les
1179 3609 1242 3658 com.
1260 3595 1358 3660 profess.
1377 3595 1432 3644 chea

258 3679 293 3734 les
318 3683 438 3740 Romaim,
464 3683 476 3730 I
493 3698 546 3746 pag.
564 3682 612 3730 ale
631 3698 710 3746 seqq.:
730 3682 783 3746 „En
801 3684 862 3742 effet,
880 3683 903 3732 le
920 3690 976 3736 mot.
987 3671 1096 3750 ἔρανος,
1116 3689 1158 3754 qui
1178 3686 1296 3752 de'signait
1312 3704 1341 3736 en
1359 3687 1432 3738 Grdce

258 3766 298 3814 des
315 3765 465 3815 associatione
482 3764 617 3829 religieuses
634 3766 663 3813 de
680 3781 807 3830 personnes
824 3768 961 3839 organisant
977 3771 1017 3819 dee
1034 3771 1147 3836 banquets
1165 3787 1220 3820 avec
1237 3771 1277 3820 des
1288 3771 1433 3831 cotisations,

255 3849 322 3910 ,avait
343 3849 407 3898 aussi
423 3848 445 3898 le
462 3865 516 3898 sens
533 3849 561 3898 de
579 3848 714 3898 cotieations
732 3846 824 3898 reunies
841 3865 884 3915 par
901 3851 1020 3916 plusieurs
1037 3871 1164 3918 personnae
1179 3869 1238 3920 pour
1254 3855 1314 3903 faire
1331 3871 1366 3904 un
1382 3855 1434 3920 prdt

260 3931 372 3995 d'argent,
397 3932 494 3996 gratuit,
524 3932 584 3981 mais
610 3932 792 3981 rembourseble.
827 3933 850 3981 Il
877 3934 1030 4002 s’appliquait
1055 3937 1109 3986 ala
1126 3939 1171 3987 r'ois
1188 3937 1202 3987 ὲ
1219 3954 1256 3986 ces
1273 3939 1433 4002 corporations

260 4013 406 4078 religienaee,
430 4015 472 4078 qni
500 4031 529 4064 ne
545 4015 654 4064 faisaient
671 4031 712 4080 pas
730 4015 758 4065 de
775 4015 846 4082 prete,
864 4021 887 4067 et
902 4034 947 4067 aar
965 4019 1029 4084 prela
1046 4021 1232 4070 rembcursables
1250 4037 1303 4070 sans
1320 4021 1433 4072 interit?

260 4095 297 4146 cf.
323 4097 392 4145 etiam
418 4095 522 4146 Reineclr
547 4098 610 4162 apud
635 4097 746 4148 Daremb.
772 4104 795 4148 et
820 4099 891 4165 Sagl,
917 4101 980 4152 Dict.
1006 4103 1029 4152 d.
1050 4105 1117 4162 Ant,
1143 4121 1161 4153 s.
1181 4120 1203 4153 r.
1221 4104 1315 4154 Eronos
1332 4105 1366 4167 (II
1380 4121 1432 4171 pag.

261 4178 326 4241 805).
