3274 4998
817 449 860 514 90

253 631 372 692 tanam
394 633 428 692 et
448 626 493 692 ad
510 647 634 691 omnes
656 625 736 692 inde
761 626 853 692 cives
875 626 1068 712 portionem
1091 624 1245 712 aliquam
1264 625 1339 710 agri
1362 645 1424 710 pu-

254 739 334 806 blici
368 740 547 827 pervenire
581 738 746 805 debuisse.
792 739 894 818 Quod
927 740 1043 826 ipsum
1077 738 1331 825 quodammodo
1367 759 1426 804 vc-

253 852 365 920 luerat
385 853 444 919 lex
465 852 608 933 Licinia,
632 873 715 917 nam
739 874 820 918 cum
842 853 916 937 agri
939 852 1069 940 publici
1092 873 1297 938 possessores
1311 851 1426 936 singu·

256 965 307 1032 los
328 967 420 1031 intra
442 972 574 1031 certum
597 965 741 1031 modum
763 965 946 1046 cohiberet,
969 966 998 1031 si
1021 965 1065 1031 ad
1088 965 1250 1030 effectum
1273 965 1330 1031 lex
1350 986 1426 1051 per·

259 1079 362 1145 ducta
396 1086 491 1159 esset,
525 1078 570 1144 ad
603 1079 677 1164 agri
713 1078 842 1166 publici
876 1078 1225 1145 communicationem
1248 1077 1308 1143 alii
1331 1077 1426 1142 dein·

261 1215 340 1279 ceps
373 1192 499 1279 aliique
527 1191 698 1278 modoque
722 1192 910 1258 sufficiente
933 1191 1075 1257 tandem
1097 1191 1283 1277 aliquando
1307 1212 1427 1256 omnes

261 1307 353 1373 cives
386 1305 651 1392 pervenissent.”
678 1303 702 1391 ¹)
738 1305 786 1370 At
807 1305 914 1371 Gaius
933 1327 1065 1371 novum
1088 1304 1172 1391 quid
1195 1305 1232 1369 in
1255 1303 1427 1370 Romano-

261 1441 339 1484 rum
373 1440 484 1484 mores
516 1419 718 1484 introduxit.
765 1419 851 1484 Inde
886 1418 930 1483 ab
953 1440 993 1484 eo
1015 1417 1207 1504 populares
1232 1439 1313 1483 curn
1335 1416 1428 1482 locu-

260 1533 367 1621 pletes
401 1532 442 1597 de
466 1531 732 1618 possessionibus
754 1554 819 1597 usu
841 1533 950 1619 captis
973 1531 1141 1597 dimoveri
1163 1553 1235 1596 non
1257 1552 1354 1616 posse
1378 1531 1429 1596 vi·

259 1647 387 1727 dorent,
412 1645 453 1710 de
477 1645 559 1732 ipsis
580 1645 722 1710 coloniis
745 1646 895 1730 agrarias
916 1645 1009 1730 leges
1031 1645 1193 1724 tulerunt,
1207 1642 1233 1732 ³)
1255 1645 1303 1708 ita
1321 1650 1360 1708 ut
1371 1665 1429 1709 ne·

258 1759 406 1844 glectam
440 1765 542 1844 atque
578 1779 776 1844 oppressam
809 1758 947 1844 plebem
979 1759 1016 1823 in
1049 1757 1190 1824 coloniis
1212 1757 1428 1823 collocarent.

259 1873 331 1937 Nec
350 1871 450 1936 Italia
473 1893 507 1936 se
531 1871 731 1937 continebat
754 1872 790 1937 O.
815 1871 1000 1952 Gracchus,
1025 1871 1084 1937 sed
1107 1871 1239 1957 primus
1261 1871 1299 1934 in
1322 1877 1430 1935 trans·

260 1985 410 2050 marinas
433 1985 587 2070 regiones
609 1985 759 2050 colonias
782 1985 948 2051 deducere
972 1985 1093 2072 coepit.
1139 1983 1312 2049 Rubrium
1331 1982 1430 2049 colle-

260 2120 342 2184 gam
362 2098 507 2164 adduxit
529 2105 568 2163 ut
589 2097 704 2183 legem
727 2099 841 2180 ferret,
865 2119 934 2185 qua
957 2098 1128 2183 Carthago
1151 2097 1284 2163 colonia
1307 2097 1429 2162 conde-

263 2218 376 2293 retur;
390 2210 417 2300 ³)
439 2212 512 2300 ipse
539 2211 695 2292 ,colonos
718 2212 874 2298 Capuam
896 2217 930 2277 et
952 2212 1142 2278 Tarentum
1153 2211 1338 2276 mittendos
1353 2231 1430 2276 cen·

250 2326 362 2423 suit?
378 2325 404 2411 ⁴)
439 2326 600 2390 Ceterum
623 2331 662 2389 ut
684 2325 812 2391 Tiberii
835 2325 948 2390 fratris
969 2325 1017 2390 ita
1039 2325 1124 2390 haec
1147 2325 1213 2390 Gai
1235 2325 1372 2410 incepta
1387 2324 1432 2389 ad

264 2440 370 2504 finem
392 2459 463 2504 non
485 2439 618 2504 venisse
642 2444 780 2504 senatus
803 2439 994 2525 pervicacia
1016 2439 1054 2504 in
1077 2459 1179 2504 causa
1196 2438 1271 2503 fuit.
1295 2437 1433 2502 Libera·

263 2552 342 2618 liter
377 2551 571 2638 pollicendo
595 2553 830 2638 -promissa
863 2574 1046 2639 nunquam
1080 2551 1202 2617 effecta
1225 2558 1371 2617 sunt-
1395 2552 1431 2617 Ο.

264 2665 459 2734 Gracchum
490 2665 642 2751 apposite
678 2673 816 2730 senatus
849 2666 932 2732 vicit
944 2689 960 2746 ;.
988 2687 1071 2730 nam
1100 2647 1199 2730 Livio
1222 2665 1333 2730 Druso
1357 2686 1435 2730 con-

265 2778 373 2858 cessit,
397 2784 437 2842 ut
456 2777 564 2863 plebis
576 2778 772 2843 animorum
784 2779 1078 2844 conciliandorum
1090 2800 1192 2844 causa
1203 2779 1245 2844 de
1265 2778 1323 2843 du
1336 2799 1356 2843 o
1369 2778 1390 2842 d
1403 2800 1435 2843 e·

268 2891 359 2956 cim
393 2890 558 2955 ducendis
591 2890 733 2956 coloniis
756 2891 868 2976 legem
891 2893 1002 2973 ferret,
1026 2892 1065 2956 in
1087 2914 1171 2978 quas
1194 2891 1346 2976 singulas
1369 2891 1436 2956 tria

270 3003 366 3069 milia
389 3004 535 3089 inopum
548 3004 573 3090 ὗ)
597 3005 823 3070 mitterentur.
858 3006 936 3084 Qua
959 3028 993 3072 re
1017 3005 1188 3092 imprimis
1202 3005 1328 3071 laetata
1338 3003 1435 3092 plebs

270 3117 418 3183 Gracchi
441 3116 533 3201 leges
555 3124 774 3184 contemnere
798 3119 919 3204 coepit.
933 3118 959 3203 6)
982 3118 1124 3184 Accedit
1145 3119 1238 3204 quod
1249 3118 1435 3199 Gracchus,

271 3231 299 3296 si
343 3230 528 3296 Plutarcho
563 3230 667 3296 fidem
701 3230 878 3312 habemus,
908 3233 1017 3316 magis
1050 3232 1288 3297 honestimimo
1312 3231 1436 3317 cuique

271 3344 308 3408 in
331 3343 476 3408 miseriis
500 3343 684 3410 subvenire
706 3345 877 3429 cogitabat
901 3367 1007 3432 quam
1029 3345 1199 3432 perditam
1222 3345 1438 3432 plebeculam

271 3455 422 3523 curabat.
447 3455 473 3541 7)

308 3649 324 3707 ι)
341 3649 454 3698 Momm.
472 3648 500 3697 G.
517 3649 539 3697 Ι.
557 3648 585 3698 L.
603 3649 615 3697 l
632 3665 684 3713 pag.
703 3651 742 3698 89.

303 3732 323 3793 ²)
341 3732 378 3782 Of.
396 3731 477 3796 Mnrq.
493 3730 549 3780 StV.
567 3730 591 3780 1¹
608 3747 661 3796 pag.
679 3733 719 3790 94,
739 3733 794 3782 105.

303 3815 323 3876 ³)
340 3814 401 3863 Vell.
420 3814 471 3863 Pet.
489 3814 510 3870 I,
529 3813 576 3871 15,
595 3813 659 3862 Plut.
678 3815 705 3864 C.
724 3816 821 3865 Gracch.
842 3817 880 3875 10,
900 3818 939 3876 ll,
959 3819 1002 3876 14;
1014 3818 1115 3882 Appiau.
1128 3817 1441 3876 B.0.1,24;Punio.136.

305 3899 325 3958 ⁴)
341 3898 399 3946 Aur.
417 3897 478 3945 Vict.
497 3897 536 3944 65.
555 3896 592 3944 Cf.
609 3897 681 3946 ctiam
699 3899 751 3946 hir.
772 3900 824 3948 Per.
844 3901 885 3948 Lx
902 3905 925 3949 et
943 3901 1008 3949 Plut.
1026 3902 1053 3949 Ο.
1071 3901 1169 3949 Gracch.
1189 3902 1211 3949 8.

308 3990 327 4051 ¹)
345 3985 419 4055 „er
438 3977 570 4051 o'tm'pwffl'
588 3990 654 4040 Plut.
672 3993 761 4042 Locum
779 3996 832 4044 vide
849 3996 912 4045 inira
928 3997 982 4046 adn.
1001 3996 1024 4046 7.

308 4073 328 4133 ⁶)
346 4073 383 4122 Cf.
400 4073 465 4123 Plut.
484 4075 510 4122 C.
529 4073 619 4121 Gmoeh
644 4075 675 4132 93
693 4077 796 4141 Appian.
814 4079 842 4126 B.
861 4079 887 4127 C.
905 4079 926 4136 1,
944 4079 984 4126 23.
