3296 5008
736 1702 855 1768 GAPur
878 1700 943 1767 III.

603 1931 651 1998 De
673 1931 817 1998 clr'cnlelo
838 1931 1069 1998 Romanorum.

303 2183 354 2247 Ne
389 2183 632 2268 gravissimum
666 2181 781 2250 locum
813 2183 1021 2264 omittamus,
1045 2183 1115 2248 iam
1140 2181 1356 2269 aliquamdiu
1379 2181 1429 2246 in·

257 2296 447 2362 sistendum
470 2297 534 2362 erit
560 2297 797 2363 Romanorum
821 2296 1008 2377 clientelae,
1036 2295 1059 2382 ¹)
1084 2296 1185 2362 ouius
1208 2296 1303 2381 origo
1328 2300 1366 2360 ut
1385 2294 1429 2360 ad

260 2410 499 2496 antiquissima
522 2409 670 2476 civitatis
696 2410 873 2476 Romanae
901 2416 1055 2498 tempora
1078 2416 1129 2475 est
1153 2408 1354 2490 revocanda,
1378 2407 1427 2472 ita

193 2609 194 2612 Ἴ
260 2523 336 2610 ipsa
371 2545 450 2590 cum
480 2524 637 2590 Romano
662 2524 801 2590 nomine
825 2529 896 2590 arte
921 2524 1104 2590 coniuncta
1127 2528 1206 2616 est„
1233 2521 1309 2589 Scio
1333 2521 1428 2608 equi·

259 2637 338 2702 dem
373 2637 462 2702 inter
499 2637 647 2724 priscam
679 2637 775 2702 illam
799 2636 993 2703 clientelam
1018 2643 1052 2702 et
1074 2659 1202 2703 novam
1225 2635 1345 2702 aetatis
1367 2635 1431 2700 im·

258 2756 455 2835 peratorum
500 2751 676 2839 propriam
713 2751 923 2838 pernimium
962 2751 1133 2831 interesse,
1168 2771 1281 2836 neque
1317 2749 1429 2814 ausim

256 2864 461 2931 contendere
488 2865 576 2930 hano
599 2864 856 2931 continuatione
881 2864 1031 2951 quadam
1048 2886 1087 2930 ac
1102 2864 1335 2951 progressione
1348 2883 1429 2928 cum

256 2976 315 3041 illa
348 2977 539 3044 cohaerere.
600 2978 764 3044 Attamen
801 2977 976 3065 utriusque
1011 2977 1190 3044 clientelae
1224 2977 1309 3043 haec
1348 2981 1429 3042 sunt

256 3091 464 3172 communia,
503 3113 524 3156 o
557 3091 648 3177 quod
684 3099 717 3157 et
752 3097 882 3158 veteres
917 3101 951 3158 et
985 3093 1066 3157 novi
1103 3091 1244 3157 clientes
1266 3095 1364 3156 erant
1386 3089 1424 3154 in

257 3202 368 3269 alieno
402 3204 614 3290 patrocinio:
649 3212 688 3269 ut
721 3202 770 3270 illi
806 3225 874 3268 non
911 3211 1008 3271 erant
1040 3205 1093 3270 sui
1117 3204 1209 3284 iuris,
1234 3204 1282 3269 ita
1306 3203 1342 3268 hi
1366 3202 1426 3268 vix

257 3318 443 3405 quicquam
479 3317 578 3384 soluti
614 3323 647 3383 et
681 3317 780 3383 liberi
814 3339 953 3403 praese
978 3317 1154 3397 ferebant3
1180 3317 1197 3382 b
1221 3316 1314 3404 quod
1335 3321 1426 3382 utro·

258 3453 404 3518 rumque
428 3430 618 3497 rationibus
642 3431 744 3497 variis
768 3431 877 3496 modis
901 3430 1080 3497 consulere
1104 3429 1259 3496 solebant
1271 3428 1426 3516 patroni;

257 3567 273 3610 c
305 3544 396 3631 quod
432 3543 572 3610 clientes
595 3551 667 3610 tam
690 3544 819 3631 priores
843 3565 948 3630 quam
973 3545 1175 3630 posteriores
1199 3543 1347 3609 vicissim
1371 3563 1429 3628 pa·

257 3658 364 3724 tronis
408 3679 548 3744 operam
582 3679 679 3723 suam
714 3663 884 3743 praestare
920 3657 1110 3738 debebunt;
1157 3659 1180 3722 d
1214 3655 1304 3743 quod
1336 3655 1426 3721 inter

257 3777 418 3858 patronos
441 3777 475 3837 et
497 3770 637 3837 clientes
662 3771 795 3857 pietatis
819 3771 994 3858 quoddam
1020 3761 1196 3836 vincdlum
1216 3768 1424 3835 intercedere

258 3905 326 3950 non
354 3885 466 3950 solum
489 3884 746 3972 antiquissimis
771 3883 956 3950 sedetiam
981 3883 1097 3969 aliqua
1120 3905 1163 3948 ex
1186 3889 1282 3970 parte
1307 3882 1425 3948 Caesa·

291 4163 311 4225 ι)
345 4162 412 4212 Viros
437 4163 523 4221 doctos,
546 4163 587 4229 qni
604 4163 632 4212 de
649 4162 758 4212 clientela
776 4163 935 4211 Romanorum
954 4162 1103 4225 seripserunt,
1121 4161 1175 4208 vide
1193 4161 1256 4226 apud
1276 4158 1427 4224 Pauly-Wis-

257 4262 325 4307 sowa,
343 4245 508 4312 Reclllncycl.
526 4263 545 4295 s.
567 4263 588 4296 v.
606 4247 703 4296 elmlea
720 4246 774 4311 (ΙΨ
791 4262 842 4310 pag.
862 4249 894 4294 54
912 4249 976 4311 sea).
