3274 4998
747 467 810 533 189

186 643 313 732 populo
347 643 493 711 dabatur
526 643 753 710 tricliniorum
791 644 914 731 viginti
947 643 1096 726 milibus,
1136 647 1159 732 ¹)
1196 650 1272 710 tum
1302 666 1360 711 ex·

185 757 405 824 struebantur
450 779 587 824 mensae
633 758 831 845 conquisitis
877 757 987 846 epulis
1034 758 1201 845 vinisque,
1243 757 1359 845 qualia

185 878 283 939 erant
297 893 472 953 murenae,
486 872 672 937 Falernum
685 873 806 939 viuum
819 893 858 937 ac
874 872 1011 938 Chium.
1025 871 1051 958 ί)
1064 910 1108 920 -
1119 871 1223 938 Anno
1236 893 1265 938 a.
1280 894 1314 938 u.
1328 895 1355 939 c.

185 987 249 1052 715
296 986 330 1071 (a
365 986 444 1052 Chr.
480 1008 512 1050 n.
548 988 604 1066 39)
647 987 822 1071 Augustus
858 986 1010 1072 primum
1045 985 1189 1052 barbam
1225 1007 1355 1072 ponens

186 1097 292 1169 ηαυτός
319 1119 353 1158 τε
373 1099 518 1175 μεγάλως
538 1097 668 1173 ἑώρτασε
688 1099 737 1160 καί
757 1107 818 1168 τοῖς
839 1098 941 1168 ἄλλοις
963 1099 1059 1158 ἅπασι
1079 1098 1231 1174 δημοτελῆ
1252 1097 1355 1172 ἑορτὴν

183 1203 355 1285 accinge?
388 1203 413 1290 ⁸)
447 1241 491 1254 -
525 1204 681 1270 Tiberius
715 1225 805 1269 auno
833 1225 862 1270 a.
888 1224 920 1269 u.
945 1225 973 1270 c.
999 1204 1063 1267 745
1088 1203 1131 1288 (a.
1156 1203 1237 1269 Chr.
1261 1224 1295 1267 n.
1319 1205 1353 1290 9)

186 1323 262 1382 ητών
292 1336 327 1376 τε
349 1317 523 1392 Δελμοιτῶν
542 1317 591 1378 καί
611 1324 670 1377 τῶν
690 1317 854 1377 Παννονίων
874 1317 1110 1387 ὑποκινησὰντων
1131 1334 1159 1374 τι
1179 1313 1266 1385 αὐθις
1288 1361 1294 1374 .
1319 1362 1325 1375 .
1349 1362 1355 1375 .

183 1421 350 1495 κρατήσας,
382 1422 422 1480 τά
455 1441 489 1480 τε
524 1417 570 1484 έπί
600 1426 653 1480 τοῦ
673 1420 799 1491 κέλητος
819 1418 939 1482 ἐπινίκια
960 1419 1084 1500 έπεμψε,
1110 1419 1158 1482 καί
1178 1425 1231 1479 τοῦ
1262 1420 1355 1496 δήμου

182 1524 251 1594 τοὺς
279 1521 336 1601 μὲν
356 1522 385 1584 έν
406 1532 449 1602 τῷ
470 1525 649 1604 Καπιτωλίῳ
666 1523 734 1594 τοὺς
754 1525 781 1584 δ’
803 1525 915 1584 ἄλλοθι
936 1525 1116 1604 πολλαχόθι
1137 1521 1308 1584 έδείπνισε.”
1331 1528 1354 1600 ⁴)

184 1630 287 1696 Anno
316 1637 431 1696 autem
455 1653 488 1716 p.
513 1631 592 1696 Chr.
617 1653 650 1696 n.
677 1632 715 1694 11
741 1630 832 1696 idem
859 1652 897 1710 ,a
920 1629 1164 1696 Germanicia
1188 1628 1308 1696 urbem
1324 1678 1355 1696 ..

183 1745 375 1829 regressus''
399 1749 474 1810 acto
494 1744 679 1830 triumpho,
693 1767 796 1828 quem
808 1742 994 1824 distulerat,
1011 1743 1216 1830 ,prandium
1229 1742 1353 1808 dehinc

184 1857 312 1944 populo
345 1857 438 1923 mille
463 1858 597 1938 mensis,
623 1864 656 1923 et
679 1858 893 1942 congiarium
917 1864 1069 1923 trecenos
1092 1877 1257 1922 nummos
1276 1856 1355 1924 viri·

183 1972 246 2036 tim
270 1971 396 2037 dedit.''
422 1971 446 2053 ὗ)
469 2009 513 2020 —-
536 1971 691 2055 Caligula
714 1993 795 2036 cum
819 1972 974 2056 Augusto
991 1969 1159 2056 templum
1172 1969 1353 2051 dedicaret,

185 2084 230 2152 „oi
246 2105 282 2144 τε
303 2081 510 2158 εὐγενέστατοι
521 2085 634 2157 παῖδες,
644 2082 705 2143 ὅσοι
715 2105 753 2160 γε
764 2083 813 2146 καί
822 2083 1004 2162 ἀμφιθαλεῖς
1011 2069 1098 2157 ἦσαν,
1109 2080 1189 2159 μετὰ
1198 2082 1355 2157 παρθένων

179 2189 285 2264 ὁμοίων
316 2187 368 2247 τὸν
401 2185 491 2264 ὕμνον
518 2176 605 2275 ᾖσαν,
627 2188 677 2250 καί
694 2190 712 2256 ἡ
731 2187 827 2262 βουλὴ
848 2186 901 2247 σὺν
921 2196 987 2256 ταῖς
1007 2195 1157 2262 γαμεταῖς
1177 2206 1265 2266 σφων
1286 2184 1302 2244 ὅ
1322 2207 1357 2245 τε

180 2293 277 2369 δῆμος
298 2294 447 2367 είστιάὲεη,
470 2292 538 2353 θέαι
559 2313 592 2353 τε
613 2293 804 2354 παντοδαπαί
821 2290 985 2369 tysiam?
1008 2293 1030 2367 ⁶)
1057 2330 1101 2340 -
1124 2292 1355 2373 DomitianUS,
1380 2339 1382 2342 -

182 2399 243 2484 qui
275 2398 387 2464 omnis
410 2399 544 2484 generis
563 2398 684 2465 edebat
707 2398 815 2479 ludoS,
840 2397 866 2485 7)
890 2398 994 2464 etiam
1017 2398 1054 2463 in
1077 2397 1257 2482 largitione
1281 2403 1354 2463 erat

181 2511 332 2577 effusior.
378 2511 600 2600 Singulorum
635 2534 716 2579 vero
739 2512 984 2578 liberalitatum
1007 2517 1143 2598 tempus
1162 2532 1232 2577 nou
1255 2509 1354 2577 facile

182 2625 356 2691 definitur.
403 2625 445 2690 In
480 2626 681 2692 universum
715 2626 917 2693 Suetonius:
957 2625 1198 2710 ,Congiarium
1227 2623 1354 2710 populo

182 2760 410 2804 nummorum
444 2745 660 2806 trecenorum
695 2746 746 2806 ter
780 2740 882 2821 dedit,
919 2745 1021 2826 atque
1048 2739 1138 2804 inter
1161 2736 1355 2824 spectacula

183 2853 338 2918 muneris
372 2852 604 2938 largissimum
639 2853 813 2940 epulum.''
849 2854 876 2940 8)
927 2855 972 2920 Et
1007 2852 1141 2919 Cassius
1165 2851 1251 2917 Dio:
1279 2862 1357 2921 ιτοῖε

182 2981 219 3019 τε
243 2961 402 3038 θεωμένοις
424 2961 522 3044 συχνὰ
547 2961 593 3021 διὰ
616 2970 675 3021 τῶν
698 2968 832 3044 σφαιμίων
855 2961 956 3040 ἐδίδου,
981 2967 1030 3024 ναί
1053 2981 1127 3022 ποτε
1140 2960 1189 3022 καὶ
1202 2957 1357 3019 ἐδείπνισεν

183 3064 290 3137 αὖτοὺς
313 3066 393 3128 κατὰ
417 3069 516 3149 χώραν
540 3067 735 3146 καθημένους,
757 3061 828 3128 οἶνόν
841 3067 874 3128 τέ
886 3089 967 3148 σφισι
982 3072 1127 3152 πολλαχῇ
1142 3064 1242 3142 ῥέοντα
1255 3059 1359 3132 νυκτὸς

224 3243 242 3302 ἱ)
276 3243 333 3292 Plui
349 3243 367 3293 l.
385 3243 402 3293 l.

221 3327 240 3386 ί)
274 3326 338 3375 Plin.
356 3327 387 3376 N.
405 3328 437 3376 H.
455 3328 523 3385 VIII,
541 3329 580 3386 55,
600 3329 663 3387 171;
682 3329 750 3387 XIII,
769 3329 808 3386 15,
823 3329 862 3381 97.
880 3321 1357 3390 (Hunclocnmexsoripsipng.176wq-)

221 3410 241 3471 ³)
274 3411 321 3458 Dio
339 3411 402 3459 Coss.
420 3412 529 3470 XLVIII,
548 3413 587 3472 al,
607 3413 629 3462 3.
664 3412 701 3462 Of.
718 3412 789 3462 ctiam
806 3428 859 3478 pag.
880 3412 927 3465 187
945 3411 1000 3461 adn.
1018 3413 1042 3460 4.

221 3494 241 3554 ⁴)
275 3493 321 3542 Dio
339 3493 404 3543 Cass.
421 3494 470 3552 LV,
489 3495 512 3553 2,
530 3497 554 3544 4.

223 3577 241 3636 ί)
275 3577 338 3627 Suet.
363 3577 417 3628 Tib.
443 3579 483 3626 20.
502 3607 534 3615 -
568 3578 604 3628 Ne
630 3579 656 3627 iu
682 3579 839 3643 disiuugondo
856 3595 931 3628 essem
953 3577 1071 3635 subtilior,
1089 3577 1131 3625 lias
1148 3590 1240 3640 quoque
1257 3571 1360 3636 Augusti

188 3659 325 3724 'l'iberiiqne
350 3659 502 3711 liberalitates
528 3662 567 3711 lric
583 3663 667 3711 referre
685 3679 732 3711 uon
749 3662 865 3721 dubitavi,
883 3677 1035 3727 quamquam,
1052 3676 1106 3708 cum
1122 3659 1179 3708 istas
1196 3655 1278 3721 epulas
1295 3654 1359 3702 exhi·

190 3742 284 3800 bebant,
303 3748 385 3792 uenter
401 3745 449 3793 iam
466 3746 627 3810 principatum
645 3745 744 3794 tenebat.

203 3825 242 3883 '⁶)
276 3826 323 3874 Dio
349 3827 413 3876 Cass.
441 3829 502 3885 LIX,
529 3829 552 3885 7,
581 3828 602 3875 1.
638 3827 675 3876 Ab
701 3829 781 3876 eodem
807 3829 836 3877 ad
861 3828 974 3877 honorem
992 3826 1114 3875 Drusillae
1131 3829 1236 3875 mortuae
1260 3824 1325 3888 „nai
1346 3819 1360 3879 ὅ

189 3915 284 3992 δῆμος
305 3918 452 3987 είστιάθη,
474 3926 534 3986 τοῖς
553 3937 588 3976 τε
609 3916 784 3990 βουλευταῖς
804 3927 870 3987 ταῖς
890 3938 924 3977 τε
945 3916 1073 3997 γυναιξίν
1087 3915 1182 3977 αὐτῶν
1197 3916 1289 3993 δωρεὰ
1300 3913 1359 3977 έδό·

190 4012 262 4082 „aa”
298 4014 369 4078 (rua
388 4014 429 4072 13,
446 4014 480 4074 a.)

225 4108 245 4170 7)
280 4109 317 4158 cf.
335 4109 398 4157 Suet.
417 4107 487 4155 Dom.
504 4108 528 4155 4.

223 4192 245 4254 8)
278 4192 342 4241 Suct.
360 4191 376 4241 1.
395 4191 412 4240 l.
431 4189 521 4256 ,Epuli
537 4188 602 4239 uiss’
621 4189 1042 4255 etismcommcmoraturcsp.·18.
