3296 5008
819 482 896 551 214·

308 661 407 748 Ipsae
441 662 665 749 obligationes
698 663 918 749 praediorum
945 664 1149 751 perscriptae
1173 664 1319 730 suntad
1344 663 1435 730 hanc

262 775 421 842 formam.
458 775 483 863 ¹)
531 779 560 842 1.
595 777 712 843 Primo
746 777 819 842 loco
855 778 994 864 ponitur
1027 798 1154 844 nomen
1181 778 1312 844 domini
1336 777 1438 843 fundi

265 889 486 977 eiusdemque
510 912 693 956 usurarum
717 889 879 957 debitoris
902 913 982 957 casu
1006 898 1110 958 sexto.
1136 893 1166 956 2.
1190 891 1353 979 Sequitur
1378 911 1439 956 no·

265 1024 347 1068 men
369 1003 478 1068 fundi.
503 1004 533 1070 3.
557 1004 600 1068 In
622 1003 724 1090 plena
746 1004 914 1070 eiusmodi
937 1005 1047 1071 forma
1070 1005 1280 1071 territorium
1297 1025 1436 1091 quoque

265 1116 302 1181 in
345 1137 413 1203 quo
451 1123 537 1182 esset
571 1117 699 1183 fundus
733 1117 987 1183 enuntiandum
1021 1118 1095 1184 fuit.
1141 1119 1183 1182 In
1219 1119 1282 1184 hac
1318 1117 1437 1184 tabula
1467 1201 1469 1204 Ι

268 1235 437 1316 quatenus
470 1230 680 1296 territorium
715 1237 774 1296 aut
801 1232 952 1318 positum
975 1232 1018 1297 sit
1041 1236 1101 1297 aut
1123 1231 1298 1311 omissum,
1321 1236 1436 1298 nostra

266 1342 354 1408 nihil
398 1343 558 1425 interest;
605 1345 690 1410 ratio
723 1352 839 1411 autem
871 1345 943 1411 eius
980 1345 1028 1411 rei
1064 1367 1186 1433 parum
1223 1345 1437 1432 perspicitur.

266 1459 297 1523 4.
332 1457 389 1522 Ad
422 1458 631 1524 territorium
666 1480 794 1545 pagum
822 1459 1087 1525 adscribendum
1111 1481 1181 1526 esse
1205 1465 1240 1525 et
1264 1458 1435 1545 Ulpianus

266 1571 314 1636 ait
359 1577 392 1636 et
437 1571 618 1637 confirmat
662 1571 789 1638 tabula.
836 1574 867 1638 5.
904 1572 1103 1659 Sequuntur
1138 1572 1268 1638 adfines
1303 1573 1361 1654 ita,
1397 1578 1436 1638 ut

266 1684 469 1771 plerumque
503 1685 540 1750 in
574 1684 717 1770 singulis
751 1686 866 1751 fundis
899 1685 1026 1770 singuli
1056 1691 1193 1751 tantum
1224 1685 1354 1752 adfines
1379 1707 1439 1752 no·

268 1799 453 1864 minentur.
493 1800 524 1864 6.
559 1799 728 1886 Deinceps
762 1799 983 1886 perscribitur
1018 1821 1153 1865 summa
1189 1821 1258 1887 qua
1292 1799 1438 1887 quisque

266 1985 380 2048 gewissen
406 1984 484 2033 Werte
509 1985 678 2050 abgeschatztes
704 1987 854 2035 Grundstiicl
881 2003 912 2036 en
937 1987 982 2035 den
1004 1987 1067 2035 Stant
1084 2003 1113 2036 zu
1130 1986 1266 2043 uigentem,
1283 1984 1369 2034 erhielt
1385 1985 1441 2035 aber

267 2067 371 2117 desselbe
393 2084 422 2117 zu
448 2067 593 2132 dinglichem
618 2070 803 2134 Erhpachtrecht
830 2070 918 2118 zuriick
935 2075 1003 2119 nnter
1020 2069 1184 2134 Aulerlegung
1201 2070 1266 2118 eines
1283 2069 1442 2118 Bodenzinses

266 2151 383 2215 (vectigal,
402 2152 491 2216 pensio,
509 2155 600 2213 canon).
619 2153 659 2202 der
677 2153 729 2202 dem
747 2154 803 2202 Zins
820 2154 860 2202 des
877 2153 1057 2216 dargeliehenen
1075 2152 1183 2217 Kapitals
1201 2151 1350 2216 entsprech’¹
1375 2152 1442 2200 Hanc

267 2235 404 2299 opinionem
421 2235 526 2299 aliasque
542 2236 670 2285 nonnullas
688 2237 813 2300 Ruggiem,
830 2237 882 2290 Dia.
900 2237 974 2300 epigr.
992 2253 1011 2285 s.
1030 2253 1053 2286 v.
1070 2237 1193 2294 alimenta,
1214 2236 1353 2300 impugnat:
1366 2236 1441 2299 „lisso

268 2318 432 2367 sonnclmente
460 2335 508 2368 non
533 2335 572 2367 era
597 2319 627 2367 ne
646 2319 750 2384 fiducia,
776 2319 806 2368 nb
829 2319 922 2384 piceas,
948 2319 978 2367 ne
992 2324 1087 2383 pactum
1105 2321 1254 2383 hypothecae,
1273 2335 1339 2367 come
1355 2317 1437 2366 alcuni

268 2403 390 2465 ritengono
421 2406 453 2466 (p.
479 2418 498 2450 e.
525 2402 635 2466 Savigny,
662 2403 808 2451 Vermischte
829 2402 925 2452 Schrilt.
945 2404 958 2449 5
979 2419 1001 2466 p.
1022 2403 1062 2450 64.
1080 2403 1178 2460 Puchta,
1195 2403 1254 2450 Inst.
1274 2402 1297 2460 3,
1315 2405 1325 2462 t
1344 2401 1392 2449 118
1411 2403 1440 2452 el.

269 2485 395 2543 Bacholen,
414 2485 511 2534 Plandr.
531 2485 543 2532 1
562 2501 586 2548 p.
605 2485 671 2545 226),
688 2503 700 2534 e
717 2489 782 2535 tanto
800 2502 869 2534 meno
886 2485 927 2534 un’
945 2485 1053 2534 enfiteusi
1072 2485 1191 2550 [sequitur
1208 2485 1332 2542 sententia,
1351 2485 1377 2533 in
1395 2501 1442 2548 qua

270 2568 395 2617 Matthiass
420 2583 469 2616 esse
495 2568 619 2633 diximus}
654 2570 695 2617 Ma
721 2569 851 2617 consisteva
876 2568 940 2617 nella
965 2569 1077 2634 semplice
1095 2569 1218 2617 iscrizione
1236 2569 1274 2617 nei
1292 2568 1387 2632 registri
1403 2567 1443 2616 del

270 2653 402 2716 municipio
427 2653 532 2715 (tabulae
553 2651 672 2716 publicae)
699 2653 736 2700 dei
762 2654 829 2701 londi
856 2653 904 2701 dati
931 2653 957 2700 in
982 2669 1065 2717 pagno,
1094 2653 1194 2700 siccome
1219 2668 1259 2700 era
1276 2652 1302 2700 in
1319 2668 1362 2700 nso
1379 2650 1443 2700 nelle

270 2736 425 2800 ctliyats'oaea
440 2735 568 2800 praedibus
582 2719 733 2799 praediaque
750 2736 787 2784 dei
805 2736 892 2800 privati
910 2752 976 2784 verso
995 2737 1004 2783 i
1022 2736 1118 2784 comuni
1135 2739 1167 2796 (v.
1186 2735 1233 2784 ber
1250 2735 1355 2783 Malneit.
1374 2734 1402 2782 Ο.
1419 2733 1445 2781 ΙΙ

272 2820 336 2872 1174
359 2835 378 2867 c.
398 2819 437 2867 60.
456 2819 487 2866 68
505 2819 534 2866 ol.
552 2817 693 2876 Mommsen,
711 2819 795 2867 Stadtr.
813 2835 837 2882 p.
855 2818 938 2878 4691?
973 2819 1053 2867 Simili
1070 2819 1139 2867 modo
1157 2835 1181 2868 v.
1198 2819 1278 2876 Brina,
1296 2819 1337 2882 qui
1355 2821 1379 2866 et
1395 2817 1446 2882 ipae

271 2903 299 2951 de
320 2903 405 2950 harum
422 2900 594 2964 obligationum
612 2901 701 2950 ratione
719 2902 775 2950 satis
793 2903 885 2965 copiose
902 2903 956 2965 egit,
974 2902 1044 2950 etiam
1061 2901 1121 2950 alias
1138 2902 1307 2950 controversias
1316 2901 1444 2965 attingens,

272 3001 330 3050 quas
353 2984 393 3033 hic
417 2984 584 3049 praetermitto,
606 2984 632 3032 in
655 2984 824 3048 Sitzungsherr.
842 2984 865 3033 d.
883 2985 966 3033 histor.
1002 2985 1082 3033 Classe
1099 2984 1141 3032 der
1158 2985 1181 3033 lr.
1200 2984 1224 3034 b.
1247 2985 1323 3035 alred.
1340 2985 1364 3034 d.
1381 2984 1445 3032 Wis-

272 3068 363 3117 sensch.
386 3084 415 3116 zu
433 3067 562 3126 Miinchen,
581 3067 644 3119 1887
662 3067 688 3114 Il
705 3084 756 3131 pag.
775 3068 823 3116 209
842 3084 905 3132 seqq.
923 3068 983 3131 (,‚Zu
1001 3069 1046 3116 den
1065 3067 1334 3132 Alimentenstiltnngen
1352 3067 1393 3116 der
1407 3070 1451 3128 rii--

273 3151 379 3201 mischen
405 3150 529 3211 Kaiser'’):
557 3151 633 3214 „llass
659 3150 747 3213 Trajan
772 3151 868 3199 endlich
893 3150 1018 3200 denselben
1044 3151 1102 3214 Weg
1122 3150 1309 3214 eingeschlagen,
1333 3149 1447 3198 wlassin

273 3235 377 3293 Plinius,
403 3234 436 3282 ist
462 3234 514 3282 eine
542 3250 567 3282 so
594 3233 716 3282 verlrehrte
742 3234 851 3291 Ansicht,
869 3235 921 3283 dass
940 3250 995 3282 man
1012 3234 1100 3283 schwer
1118 3233 1224 3297 begreilt,
1242 3234 1286 3282 wie
1306 3233 1445 3282 Henzen

274 3320 298 3370 S.
325 3319 356 3366 26
383 3301 540 3366 damnauch
558 3333 605 3365 nur
620 3317 710 3366 denlren
729 3317 824 3366 konnte.
861 3318 937 3366 Wenn
954 3317 1054 3366 Jemand
1072 3318 1150 3366 [lerart
1168 3317 1252 3375 stistet,
1270 3317 1323 3365 dass
1340 3333 1366 3365 er
1382 3316 1447 3365 scine

274 3401 439 3450 Grnndstiieke
456 3401 495 3449 liir
511 3401 598 3450 immor
614 3401 769 3464 wegsohenlrt‚
786 3401 820 3449 sie
837 3418 866 3449 za
884 3401 1005 3465 iirbpecht
1022 3400 1241 3464 zuriickempsangt,
1260 3401 1310 3449 und
1328 3399 1371 3448 (len
1391 3400 1464 3451 Zins.

274 3487 312 3534 fiir
337 3486 383 3534 den
408 3485 522 3549 gewissen
548 3484 629 3532 Zweok
655 3485 758 3543 widmet,
782 3500 807 3532 so
824 3485 919 3533 konnen
937 3485 975 3532 die
997 3484 1163 3532 Grundstiiclre
1179 3484 1247 3532 nicht
1264 3484 1331 3532 mehr
1351 3483 1450 3548 obligirt

274 3570 329 3618 oder
357 3567 496 3632 vcrpl‘andet
513 3567 564 3616 sein
582 3568 638 3616 oder
654 3567 772 3617 heissen.¹'
807 3568 838 3616 Et
855 3568 926 3632 paulo
943 3568 1020 3616 infra:
1041 3568 1103 3631 „Das
1122 3567 1190 3630 lange
1207 3568 1312 3631 Register
1329 3567 1449 3617 ehrsamer

275 3651 395 3715 Velejaten
421 3651 471 3700 und
496 3650 646 3714 Liguriseher
672 3650 799 3699 Baebianer
829 3651 867 3700 die
890 3651 941 3699 ihre
958 3650 1122 3699 Grnndstlieke
1140 3679 1171 3688 -
1190 3650 1284 3699 freilich
1303 3651 1370 3699 nieht
1387 3667 1449 3714 weg·

276 3735 411 3794 schenkten,
436 3734 486 3783 und
509 3735 537 3782 in
562 3733 682 3799 Erbpacht
707 3734 887 3791 verwandellen,
910 3735 1008 3782 eundern
1035 3733 1106 3782 theils
1133 3733 1272 3795 volleigene,
1299 3733 1370 3782 theils
1388 3733 1450 3782 nrb-

276 3819 431 3883 pacht·Giiter
455 3833 529 3882 gegen
553 3817 784 3880 verhiiltnissmttssig
800 3817 879 3866 kleine
897 3817 1033 3881 Kapitalien
1051 3817 1227 3881 verpltndcten.
1262 3817 1335 3880 Trtgt
1351 3833 1407 3865 man
1424 3816 1452 3866 in

277 3903 315 3952 slis
341 3901 548 3951 Alimentartafeln
574 3901 652 3950 nichts
678 3901 769 3958 hinein,
796 3918 821 3948 so
845 3901 926 3950 schsnt
943 3917 985 3949 ans
1003 3901 1071 3949 ihren
1089 3900 1257 3963 Obligationen
1276 3901 1345 3948 mehr
1361 3899 1397 3948 als
1414 3901 1453 3948 die

278 3985 405 4048 Hypothelr
430 3985 497 4033 nicht
518 3983 627 4034 herans.'’
661 3984 711 4032 Nos
727 3989 805 4032 tamen
822 3984 994 4047 obligationum
1013 3984 1118 4037 modum,
1137 3984 1164 4031 de
1182 4000 1228 4047 quo
1248 3983 1351 4032 multum
1371 3983 1453 4048 dispu-

278 4071 388 4117 taverunt
404 4069 452 4117 viri
469 4069 530 4116 docti
548 4068 608 4117 iuris
625 4068 703 4132 periti,
720 4067 758 4116 his
776 4068 834 4132 ipsis
852 4068 1030 4131 disceptandum
1049 4066 1221 4130 permittemus.

315 4153 334 4212 1)
369 4149 421 4198 Hoc
447 4151 604 4201 summarium
635 4167 736 4216 quoque,
754 4151 779 4199 in
796 4154 923 4215 angustum
941 4156 1019 4199 tamen
1037 4153 1149 4208 eoactum,
1167 4149 1301 4216 deprompsi
1318 4166 1331 4198 e
1348 4149 1452 4200 Momm-

278 4250 337 4286 seno
354 4233 381 4284 in
398 4233 425 4284 C.
443 4233 464 4284 Ι.
476 4233 504 4284 Is.
