<?xml version="1.0" encoding="UTF-8"?>
<!DOCTYPE html PUBLIC "-//W3C//DTD XHTML 1.0 Transitional//EN"
    "http://www.w3.org/TR/xhtml1/DTD/xhtml1-transitional.dtd">
<html xmlns="http://www.w3.org/1999/xhtml" xml:lang="en" lang="en">
 <head>
  <title>
</title>
<meta http-equiv="Content-Type" content="text/html;charset=utf-8" />
  <meta name='ocr-system' content='tesseract 3.04.00' />
  <meta name='ocr-capabilities' content='ocr_page ocr_carea ocr_par ocr_line ocrx_word'/>
</head>
<body>
  <div class='ocr_page' id='page_1' title='image "./depauperumcuraa00essegoog_0223.png"; bbox 0 0 3296 5008; ppageno 0'>
   <div class='ocr_carea' id='block_1_1' title="bbox 783 435 848 504">
    <p class='ocr_par' dir='ltr' id='par_1_1' title="bbox 783 435 848 504">
     <span class='ocr_line' id='line_1_1' title="bbox 783 435 848 504; baseline 0 -1"><span class='ocrx_word' id='word_1_1' title='bbox 783 435 848 504; x_wconf 83' lang='lat'><strong>205</strong></span> 
     </span>
    </p>
   </div>
   <div class='ocr_carea' id='block_1_2' title="bbox 217 611 1394 2407">
    <p class='ocr_par' dir='ltr' id='par_1_2' title="bbox 219 611 1394 1846">
     <span class='ocr_line' id='line_1_2' title="bbox 223 611 1394 706; baseline 0.003 -25"><span class='ocrx_word' id='word_1_2' title='bbox 223 611 384 682; x_wconf 84' lang='lat' dir='ltr'>Aurelius</span> <span class='ocrx_word' id='word_1_3' title='bbox 421 619 539 682; x_wconf 90' lang='lat' dir='ltr'><strong>autem</strong></span> <span class='ocrx_word' id='word_1_4' title='bbox 575 615 636 696; x_wconf 92' lang='lat' dir='ltr'><strong>,de</strong></span> <span class='ocrx_word' id='word_1_5' title='bbox 671 615 844 682; x_wconf 75' lang='lat' dir='ltr'><strong>alimentis</strong></span> <span class='ocrx_word' id='word_1_6' title='bbox 878 614 1024 703; x_wconf 83' lang='lat' dir='ltr'>publicis</span> <span class='ocrx_word' id='word_1_7' title='bbox 1059 617 1170 685; x_wconf 89' lang='lat' dir='ltr'><strong>multa</strong></span> <span class='ocrx_word' id='word_1_8' title='bbox 1204 619 1394 706; x_wconf 86' lang='lat' dir='ltr'><strong>prudenter</strong></span> 
     </span>
     <span class='ocr_line' id='line_1_3' title="bbox 224 729 1392 799; baseline 0.003 -5"><span class='ocrx_word' id='word_1_9' title='bbox 224 729 390 796; x_wconf 86' lang='lat' dir='ltr'><strong>inuenit.”</strong></span> <span class='ocrx_word' id='word_1_10' title='bbox 437 729 490 796; x_wconf 93' lang='lat' dir='ltr'><strong>Ob</strong></span> <span class='ocrx_word' id='word_1_11' title='bbox 521 729 798 797; x_wconf 87' lang='lat' dir='ltr'><strong>coniunctionem</strong></span> <span class='ocrx_word' id='word_1_12' title='bbox 831 729 983 796; x_wconf 89' lang='lat' dir='ltr'><strong>Lucillae</strong></span> <span class='ocrx_word' id='word_1_13' title='bbox 1014 736 1048 798; x_wconf 90' lang='lat' dir='ltr'><strong>et</strong></span> <span class='ocrx_word' id='word_1_14' title='bbox 1071 732 1153 799; x_wconf 85' lang='lat' dir='ltr'><strong>Veri</strong></span> <span class='ocrx_word' id='word_1_15' title='bbox 1176 732 1289 799; x_wconf 88' lang='lat' dir='ltr'><strong>fratris</strong></span> <span class='ocrx_word' id='word_1_16' title='bbox 1312 754 1392 799; x_wconf 91' lang='lat' dir='ltr'><strong>oum</strong></span> 
     </span>
     <span class='ocr_line' id='line_1_4' title="bbox 225 842 1392 930; baseline 0.003 -21"><span class='ocrx_word' id='word_1_17' title='bbox 225 843 289 910; x_wconf 93' lang='lat' dir='ltr'><strong>hoc</strong></span> <span class='ocrx_word' id='word_1_18' title='bbox 327 865 469 930; x_wconf 89' lang='lat' dir='ltr'><strong>,pueros</strong></span> <span class='ocrx_word' id='word_1_19' title='bbox 503 849 537 908; x_wconf 91' lang='lat' dir='ltr'><strong>et</strong></span> <span class='ocrx_word' id='word_1_20' title='bbox 571 842 702 929; x_wconf 90' lang='lat' dir='ltr'><strong>puellas</strong></span> <span class='ocrx_word' id='word_1_21' title='bbox 736 864 907 908; x_wconf 89' lang='lat' dir='ltr'><strong>nouorum</strong></span> <span class='ocrx_word' id='word_1_22' title='bbox 942 845 1125 910; x_wconf 87' lang='lat' dir='ltr'><strong>nominum</strong></span> <span class='ocrx_word' id='word_1_23' title='bbox 1148 846 1392 913; x_wconf 84' lang='lat' dir='ltr'><strong>frumentariae</strong></span> 
     </span>
     <span class='ocr_line' id='line_1_5' title="bbox 223 956 1390 1047; baseline 0.003 -24"><span class='ocrx_word' id='word_1_24' title='bbox 223 957 433 1044; x_wconf 82' lang='lat' dir='ltr'><strong>perceptioni</strong></span> <span class='ocrx_word' id='word_1_25' title='bbox 456 956 601 1023; x_wconf 79' lang='lat' dir='ltr'><strong>adscribi</strong></span> <span class='ocrx_word' id='word_1_26' title='bbox 626 956 856 1043; x_wconf 85' lang='lat' dir='ltr'><strong>praecep(it).&#39;&#39;</strong></span> <span class='ocrx_word' id='word_1_27' title='bbox 906 957 1061 1036; x_wconf 84' lang='lat' dir='ltr'><strong>„Nouae”</strong></span> <span class='ocrx_word' id='word_1_28' title='bbox 1075 959 1224 1047; x_wconf 88' lang='lat' dir='ltr'><strong>denique</strong></span> <span class='ocrx_word' id='word_1_29' title='bbox 1240 960 1390 1046; x_wconf 89' lang='lat' dir='ltr'><strong>,puellas</strong></span> 
     </span>
     <span class='ocr_line' id='line_1_6' title="bbox 222 1069 1391 1159; baseline 0.003 -23"><span class='ocrx_word' id='word_1_30' title='bbox 222 1070 461 1136; x_wconf 79' lang='lat' dir='ltr'><strong>Faustinianas</strong></span> <span class='ocrx_word' id='word_1_31' title='bbox 483 1070 632 1136; x_wconf 89' lang='lat' dir='ltr'><strong>instituit</strong></span> <span class='ocrx_word' id='word_1_32' title='bbox 655 1071 693 1134; x_wconf 89' lang='lat' dir='ltr'><strong>in</strong></span> <span class='ocrx_word' id='word_1_33' title='bbox 719 1069 885 1136; x_wconf 91' lang='lat' dir='ltr'><strong>honorem</strong></span> <span class='ocrx_word' id='word_1_34' title='bbox 898 1071 1016 1136; x_wconf 85' lang='lat' dir='ltr'><strong>uxoris</strong></span> <span class='ocrx_word' id='word_1_35' title='bbox 1029 1073 1216 1139; x_wconf 88' lang='lat' dir='ltr'><strong>mortuae.’&#39;</strong></span> <span class='ocrx_word' id='word_1_36' title='bbox 1246 1072 1271 1159; x_wconf 84' lang='grc'><strong>1)</strong></span> <span class='ocrx_word' id='word_1_37' title='bbox 1283 1073 1391 1140; x_wconf 84' lang='lat' dir='ltr'><strong>Tituli</strong></span> 
     </span>
     <span class='ocr_line' id='line_1_7' title="bbox 223 1183 1390 1272; baseline 0.003 -22"><span class='ocrx_word' id='word_1_38' title='bbox 223 1205 358 1272; x_wconf 90' lang='lat' dir='ltr'><strong>quoque</strong></span> <span class='ocrx_word' id='word_1_39' title='bbox 382 1184 506 1270; x_wconf 89' lang='lat' dir='ltr'><strong>reperti</strong></span> <span class='ocrx_word' id='word_1_40' title='bbox 530 1190 609 1250; x_wconf 89' lang='lat' dir='ltr'><strong>sunt</strong></span> <span class='ocrx_word' id='word_1_41' title='bbox 632 1183 802 1264; x_wconf 86' lang='lat' dir='ltr'><strong>nonnulli,</strong></span> <span class='ocrx_word' id='word_1_42' title='bbox 830 1205 915 1272; x_wconf 91' lang='lat' dir='ltr'><strong>quos</strong></span> <span class='ocrx_word' id='word_1_43' title='bbox 940 1185 1115 1252; x_wconf 87' lang='lat' dir='ltr'><strong>Antonino</strong></span> <span class='ocrx_word' id='word_1_44' title='bbox 1140 1186 1202 1252; x_wconf 94' lang='lat' dir='ltr'><strong>Pio</strong></span> <span class='ocrx_word' id='word_1_45' title='bbox 1228 1193 1262 1252; x_wconf 91' lang='lat' dir='ltr'><strong>et</strong></span> <span class='ocrx_word' id='word_1_46' title='bbox 1275 1186 1390 1254; x_wconf 88' lang='lat' dir='ltr'><strong>Marco</strong></span> 
     </span>
     <span class='ocr_line' id='line_1_8' title="bbox 222 1297 1390 1386; baseline 0.003 -23"><span class='ocrx_word' id='word_1_47' title='bbox 222 1297 362 1364; x_wconf 87' lang='lat' dir='ltr'><strong>Aurelio</strong></span> <span class='ocrx_word' id='word_1_48' title='bbox 386 1298 588 1365; x_wconf 87' lang='lat' dir='ltr'><strong>dicaverunt</strong></span> <span class='ocrx_word' id='word_1_49' title='bbox 609 1297 706 1383; x_wconf 91' lang='lat' dir='ltr'><strong>pueri</strong></span> <span class='ocrx_word' id='word_1_50' title='bbox 732 1303 766 1362; x_wconf 91' lang='lat' dir='ltr'><strong>et</strong></span> <span class='ocrx_word' id='word_1_51' title='bbox 789 1297 923 1383; x_wconf 89' lang='lat' dir='ltr'><strong>puellae</strong></span> <span class='ocrx_word' id='word_1_52' title='bbox 940 1297 1147 1366; x_wconf 86' lang='lat' dir='ltr'><strong>alimentarii</strong></span> <span class='ocrx_word' id='word_1_53' title='bbox 1162 1320 1169 1364; x_wconf 93' lang='lat'><strong>:</strong></span> <span class='ocrx_word' id='word_1_54' title='bbox 1183 1300 1288 1386; x_wconf 92' lang='lat' dir='ltr'><strong>priori</strong></span> <span class='ocrx_word' id='word_1_55' title='bbox 1299 1322 1390 1367; x_wconf 90' lang='lat' dir='ltr'><strong>anno</strong></span> 
     </span>
     <span class='ocr_line' id='line_1_9' title="bbox 221 1409 1390 1500; baseline 0.001 -23"><span class='ocrx_word' id='word_1_56' title='bbox 221 1433 254 1498; x_wconf 86' lang='lat' dir='ltr'><strong>p.</strong></span> <span class='ocrx_word' id='word_1_57' title='bbox 289 1411 368 1478; x_wconf 83' lang='lat' dir='ltr'><strong>Ohr.</strong></span> <span class='ocrx_word' id='word_1_58' title='bbox 401 1433 434 1477; x_wconf 88' lang='lat' dir='ltr'><strong>n.</strong></span> <span class='ocrx_word' id='word_1_59' title='bbox 462 1411 524 1476; x_wconf 83' lang='grc'>149</span> <span class='ocrx_word' id='word_1_60' title='bbox 552 1410 669 1498; x_wconf 91' lang='lat' dir='ltr'><strong>,pueri</strong></span> <span class='ocrx_word' id='word_1_61' title='bbox 695 1416 728 1476; x_wconf 90' lang='lat' dir='ltr'><strong>et</strong></span> <span class='ocrx_word' id='word_1_62' title='bbox 751 1409 886 1497; x_wconf 87' lang='lat' dir='ltr'><strong>puellae</strong></span> <span class='ocrx_word' id='word_1_63' title='bbox 911 1411 1175 1500; x_wconf 89' lang='lat' dir='ltr'><strong>a[l]iment[a]ri</strong></span> <span class='ocrx_word' id='word_1_64' title='bbox 1199 1413 1390 1500; x_wconf 85' lang='lat' dir='ltr'><strong>Cuprenses</strong></span> 
     </span>
     <span class='ocr_line' id='line_1_10' title="bbox 221 1513 1386 1614; baseline 0.002 -24"><span class='ocrx_word' id='word_1_65' title='bbox 221 1523 397 1590; x_wconf 88' lang='lat' dir='ltr'><strong>Montani’&#39;</strong></span> <span class='ocrx_word' id='word_1_66' title='bbox 424 1513 450 1610; x_wconf 64' lang='lat'><strong>⁹)</strong></span> <span class='ocrx_word' id='word_1_67' title='bbox 475 1530 508 1590; x_wconf 91' lang='lat' dir='ltr'><strong>et</strong></span> <span class='ocrx_word' id='word_1_68' title='bbox 531 1530 606 1610; x_wconf 88' lang='lat' dir='ltr'><strong>post</strong></span> <span class='ocrx_word' id='word_1_69' title='bbox 628 1524 700 1590; x_wconf 91' lang='lat' dir='ltr'><strong>eius</strong></span> <span class='ocrx_word' id='word_1_70' title='bbox 724 1531 870 1597; x_wconf 88' lang='lat' dir='ltr'><strong>mortem</strong></span> <span class='ocrx_word' id='word_1_71' title='bbox 903 1524 1136 1604; x_wconf 85' lang='lat' dir='ltr'><strong>„alimentari”</strong></span> <span class='ocrx_word' id='word_1_72' title='bbox 1162 1526 1335 1609; x_wconf 80' lang='lat' dir='ltr'><strong>eSestino,</strong></span> <span class='ocrx_word' id='word_1_73' title='bbox 1359 1526 1386 1614; x_wconf 76' lang='grc'><strong>3)</strong></span> 
     </span>
     <span class='ocr_line' id='line_1_11' title="bbox 220 1637 1391 1726; baseline 0.003 -23"><span class='ocrx_word' id='word_1_74' title='bbox 220 1637 318 1704; x_wconf 88' lang='lat' dir='ltr'><strong>alteri</strong></span> <span class='ocrx_word' id='word_1_75' title='bbox 340 1659 431 1704; x_wconf 86' lang='lat' dir='ltr'><strong>anno</strong></span> <span class='ocrx_word' id='word_1_76' title='bbox 457 1638 520 1703; x_wconf 87' lang='grc'><strong>150</strong></span> <span class='ocrx_word' id='word_1_77' title='bbox 548 1638 665 1724; x_wconf 90' lang='lat' dir='ltr'><strong>,pueri</strong></span> <span class='ocrx_word' id='word_1_78' title='bbox 688 1644 722 1704; x_wconf 90' lang='lat' dir='ltr'><strong>et</strong></span> <span class='ocrx_word' id='word_1_79' title='bbox 745 1637 878 1724; x_wconf 90' lang='lat' dir='ltr'><strong>puellae</strong></span> <span class='ocrx_word' id='word_1_80' title='bbox 902 1637 1117 1705; x_wconf 83' lang='lat' dir='ltr'><strong>alimentari’&#39;</strong></span> <span class='ocrx_word' id='word_1_81' title='bbox 1142 1661 1186 1705; x_wconf 84' lang='lat' dir='ltr'><strong>ex</strong></span> <span class='ocrx_word' id='word_1_82' title='bbox 1212 1639 1342 1707; x_wconf 91' lang='lat' dir='ltr'><strong>Urbino</strong></span> <span class='ocrx_word' id='word_1_83' title='bbox 1363 1641 1391 1726; x_wconf 77' lang='grc'><strong>4)</strong></span> 
     </span>
     <span class='ocr_line' id='line_1_12' title="bbox 219 1751 1388 1846; baseline 0.002 -29"><span class='ocrx_word' id='word_1_84' title='bbox 219 1757 252 1817; x_wconf 87' lang='grc'><strong>01</strong></span> <span class='ocrx_word' id='word_1_85' title='bbox 286 1772 376 1816; x_wconf 91' lang='lat' dir='ltr'><strong>anno</strong></span> <span class='ocrx_word' id='word_1_86' title='bbox 404 1751 468 1816; x_wconf 79' lang='lat'><strong>162</strong></span> <span class='ocrx_word' id='word_1_87' title='bbox 495 1751 613 1837; x_wconf 92' lang='lat' dir='ltr'><strong>,pueri</strong></span> <span class='ocrx_word' id='word_1_88' title='bbox 637 1757 671 1817; x_wconf 90' lang='lat' dir='ltr'><strong>et</strong></span> <span class='ocrx_word' id='word_1_89' title='bbox 695 1751 1049 1846; x_wconf 18' lang='lat' dir='ltr'><strong>puellae-alimentari</strong></span> <span class='ocrx_word' id='word_1_90' title='bbox 1073 1752 1335 1820; x_wconf 80' lang='lat' dir='ltr'><strong>Ficolensium.&#39;&#39;</strong></span> <span class='ocrx_word' id='word_1_91' title='bbox 1363 1753 1388 1840; x_wconf 79' lang='lat'><strong>⁵)</strong></span> 
     </span>
    </p>

    <p class='ocr_par' dir='ltr' id='par_1_3' title="bbox 217 1864 1390 2407">
     <span class='ocr_line' id='line_1_13' title="bbox 264 1864 1389 1950; baseline 0.003 -20"><span class='ocrx_word' id='word_1_92' title='bbox 264 1864 409 1931; x_wconf 90' lang='lat' dir='ltr'><strong>Posthac</strong></span> <span class='ocrx_word' id='word_1_93' title='bbox 444 1864 486 1930; x_wconf 90' lang='lat' dir='ltr'><strong>de</strong></span> <span class='ocrx_word' id='word_1_94' title='bbox 521 1864 692 1930; x_wconf 86' lang='lat' dir='ltr'><strong>alimentis</strong></span> <span class='ocrx_word' id='word_1_95' title='bbox 731 1886 801 1931; x_wconf 93' lang='lat' dir='ltr'><strong>non</strong></span> <span class='ocrx_word' id='word_1_96' title='bbox 831 1865 942 1930; x_wconf 91' lang='lat' dir='ltr'><strong>multa</strong></span> <span class='ocrx_word' id='word_1_97' title='bbox 965 1865 1086 1932; x_wconf 90' lang='lat' dir='ltr'><strong>litteris</strong></span> <span class='ocrx_word' id='word_1_98' title='bbox 1109 1873 1190 1933; x_wconf 91' lang='lat' dir='ltr'><strong>sunt</strong></span> <span class='ocrx_word' id='word_1_99' title='bbox 1212 1867 1389 1950; x_wconf 86' lang='lat' dir='ltr'><strong>custodita.</strong></span> 
     </span>
     <span class='ocr_line' id='line_1_14' title="bbox 220 1978 1390 2065; baseline 0.001 -21"><span class='ocrx_word' id='word_1_100' title='bbox 220 1979 393 2060; x_wconf 79' lang='lat' dir='ltr'><strong>Pertinarr,</strong></span> <span class='ocrx_word' id='word_1_101' title='bbox 417 1978 473 2045; x_wconf 90' lang='lat' dir='ltr'><strong>cui</strong></span> <span class='ocrx_word' id='word_1_102' title='bbox 495 1978 566 2044; x_wconf 88' lang='lat' dir='ltr'><strong>iam</strong></span> <span class='ocrx_word' id='word_1_103' title='bbox 591 1983 778 2065; x_wconf 89' lang='lat' dir='ltr'><strong>antequam</strong></span> <span class='ocrx_word' id='word_1_104' title='bbox 802 1979 988 2065; x_wconf 89' lang='lat' dir='ltr'><strong>imperator</strong></span> <span class='ocrx_word' id='word_1_105' title='bbox 1012 1980 1121 2046; x_wconf 86' lang='lat' dir='ltr'><strong>factus</strong></span> <span class='ocrx_word' id='word_1_106' title='bbox 1142 1986 1224 2062; x_wconf 89' lang='lat' dir='ltr'><strong>erat,</strong></span> <span class='ocrx_word' id='word_1_107' title='bbox 1249 1980 1390 2047; x_wconf 91' lang='lat' dir='ltr'><strong>alimen·</strong></span> 
     </span>
     <span class='ocr_line' id='line_1_15' title="bbox 220 2090 1388 2180; baseline 0.001 -22"><span class='ocrx_word' id='word_1_108' title='bbox 220 2099 333 2158; x_wconf 91' lang='lat' dir='ltr'><strong>torum</strong></span> <span class='ocrx_word' id='word_1_109' title='bbox 356 2113 439 2158; x_wconf 89' lang='lat' dir='ltr'><strong>cura</strong></span> <span class='ocrx_word' id='word_1_110' title='bbox 460 2092 572 2158; x_wconf 83' lang='lat' dir='ltr'><strong>tuerat</strong></span> <span class='ocrx_word' id='word_1_111' title='bbox 595 2091 768 2174; x_wconf 86' lang='lat' dir='ltr'><strong>mandata,</strong></span> <span class='ocrx_word' id='word_1_112' title='bbox 794 2090 820 2178; x_wconf 70' lang='grc'><strong>8)</strong></span> <span class='ocrx_word' id='word_1_113' title='bbox 849 2091 1084 2172; x_wconf 88' lang='lat' dir='ltr'><strong>„alimentaria</strong></span> <span class='ocrx_word' id='word_1_114' title='bbox 1107 2093 1211 2160; x_wconf 87' lang='lat' dir='ltr'><strong>etiam</strong></span> <span class='ocrx_word' id='word_1_115' title='bbox 1231 2115 1388 2180; x_wconf 92' lang='lat' dir='ltr'><strong>compen·</strong></span> 
     </span>
     <span class='ocr_line' id='line_1_16' title="bbox 217 2206 1387 2293; baseline 0 -21"><span class='ocrx_word' id='word_1_116' title='bbox 217 2206 282 2287; x_wconf 86' lang='lat' dir='ltr'><strong>dia,</strong></span> <span class='ocrx_word' id='word_1_117' title='bbox 308 2227 395 2293; x_wconf 85' lang='lat' dir='ltr'><strong>quae</strong></span> <span class='ocrx_word' id='word_1_118' title='bbox 419 2227 546 2272; x_wconf 91' lang='lat' dir='ltr'><strong>nouem</strong></span> <span class='ocrx_word' id='word_1_119' title='bbox 569 2226 741 2271; x_wconf 88' lang='lat' dir='ltr'><strong>annorum</strong></span> <span class='ocrx_word' id='word_1_120' title='bbox 767 2227 811 2271; x_wconf 82' lang='lat' dir='ltr'><strong>ex</strong></span> <span class='ocrx_word' id='word_1_121' title='bbox 834 2206 990 2271; x_wconf 89' lang='lat' dir='ltr'><strong>instituto</strong></span> <span class='ocrx_word' id='word_1_122' title='bbox 1007 2206 1148 2272; x_wconf 83' lang='lat' dir='ltr'><strong>Traiani</strong></span> <span class='ocrx_word' id='word_1_123' title='bbox 1165 2206 1387 2290; x_wconf 87' lang='lat' dir='ltr'><strong>debebantur,</strong></span> 
     </span>
     <span class='ocr_line' id='line_1_17' title="bbox 218 2317 1388 2407; baseline 0.002 -23"><span class='ocrx_word' id='word_1_124' title='bbox 218 2318 384 2385; x_wconf 89' lang='lat' dir='ltr'><strong>obdurata</strong></span> <span class='ocrx_word' id='word_1_125' title='bbox 419 2319 626 2385; x_wconf 91' lang='lat' dir='ltr'><strong>uerecundia</strong></span> <span class='ocrx_word' id='word_1_126' title='bbox 661 2318 882 2406; x_wconf 82' lang='lat' dir='ltr'><strong>sustuli(sse)&#39;&#39;</strong></span> <span class='ocrx_word' id='word_1_127' title='bbox 917 2320 1034 2386; x_wconf 89' lang='lat' dir='ltr'><strong>fertur.</strong></span> <span class='ocrx_word' id='word_1_128' title='bbox 1071 2317 1097 2407; x_wconf 73' lang='lat'><strong>7)</strong></span> <span class='ocrx_word' id='word_1_129' title='bbox 1143 2320 1191 2388; x_wconf 92' lang='lat' dir='ltr'><strong>Ut</strong></span> <span class='ocrx_word' id='word_1_130' title='bbox 1215 2320 1388 2403; x_wconf 86' lang='lat' dir='ltr'><strong>Pertinax,</strong></span> 
     </span>
    </p>
   </div>
   <div class='ocr_carea' id='block_1_3' title="bbox 216 2515 1393 4243">
    <p class='ocr_par' dir='ltr' id='par_1_4' title="bbox 217 2515 1390 2664">
     <span class='ocr_line' id='line_1_18' title="bbox 217 2515 1390 2581; baseline 0.001 -17"><span class='ocrx_word' id='word_1_131' title='bbox 217 2515 329 2564; x_wconf 88' lang='lat' dir='ltr'><strong>mulieres</strong></span> <span class='ocrx_word' id='word_1_132' title='bbox 353 2519 376 2564; x_wconf 93' lang='grc'><strong>01</strong></span> <span class='ocrx_word' id='word_1_133' title='bbox 401 2515 447 2563; x_wconf 87' lang='lat' dir='ltr'><strong>duo</strong></span> <span class='ocrx_word' id='word_1_134' title='bbox 469 2515 524 2574; x_wconf 86' lang='lat' dir='ltr'><strong>viri,</strong></span> <span class='ocrx_word' id='word_1_135' title='bbox 542 2516 584 2580; x_wconf 91' lang='lat' dir='ltr'><strong>qui</strong></span> <span class='ocrx_word' id='word_1_136' title='bbox 603 2521 701 2580; x_wconf 88' lang='lat' dir='ltr'><strong>uterque</strong></span> <span class='ocrx_word' id='word_1_137' title='bbox 717 2515 842 2581; x_wconf 81' lang='lat' dir='ltr'><strong>parvulam</strong></span> <span class='ocrx_word' id='word_1_138' title='bbox 860 2515 967 2580; x_wconf 87' lang='lat' dir='ltr'><strong>puellam</strong></span> <span class='ocrx_word' id='word_1_139' title='bbox 985 2515 1011 2564; x_wconf 92' lang='lat' dir='ltr'><strong>in</strong></span> <span class='ocrx_word' id='word_1_140' title='bbox 1027 2515 1093 2566; x_wconf 88' lang='lat' dir='ltr'><strong>ulnis</strong></span> <span class='ocrx_word' id='word_1_141' title='bbox 1107 2520 1214 2580; x_wconf 78' lang='lat' dir='ltr'><strong>gestant3</strong></span> <span class='ocrx_word' id='word_1_142' title='bbox 1233 2516 1315 2581; x_wconf 89' lang='lat' dir='ltr'><strong>procul</strong></span> <span class='ocrx_word' id='word_1_143' title='bbox 1333 2519 1390 2565; x_wconf 89' lang='grc'>0001</span> 
     </span>
     <span class='ocr_line' id='line_1_19' title="bbox 218 2597 1335 2664; baseline -0.004 -16"><span class='ocrx_word' id='word_1_144' title='bbox 218 2603 264 2648; x_wconf 84' lang='grc'>1000</span> <span class='ocrx_word' id='word_1_145' title='bbox 281 2597 385 2664; x_wconf 89' lang='lat' dir='ltr'><strong>puellae.</strong></span> <span class='ocrx_word' id='word_1_146' title='bbox 1331 2635 1335 2644; x_wconf 86' lang='lat'><strong><em>.</em></strong></span> 
     </span>
    </p>

    <p class='ocr_par' dir='ltr' id='par_1_5' title="bbox 220 2682 1390 2833">
     <span class='ocr_line' id='line_1_20' title="bbox 253 2682 1390 2747; baseline 0.001 -17"><span class='ocrx_word' id='word_1_147' title='bbox 253 2685 273 2743; x_wconf 81' lang='lat'><strong>¹)</strong></span> <span class='ocrx_word' id='word_1_148' title='bbox 307 2682 371 2731; x_wconf 87' lang='lat' dir='ltr'><strong>Haec</strong></span> <span class='ocrx_word' id='word_1_149' title='bbox 392 2682 472 2732; x_wconf 88' lang='lat' dir='ltr'><strong>omnia</strong></span> <span class='ocrx_word' id='word_1_150' title='bbox 489 2683 601 2747; x_wconf 85' lang='lat' dir='ltr'><strong>leguntur</strong></span> <span class='ocrx_word' id='word_1_151' title='bbox 617 2684 681 2747; x_wconf 85' lang='lat' dir='ltr'><strong>apud</strong></span> <span class='ocrx_word' id='word_1_152' title='bbox 697 2682 789 2732; x_wconf 90' lang='lat' dir='ltr'><strong>Iulium</strong></span> <span class='ocrx_word' id='word_1_153' title='bbox 806 2682 971 2747; x_wconf 85' lang='lat' dir='ltr'><strong>Capitolinum</strong></span> <span class='ocrx_word' id='word_1_154' title='bbox 988 2682 1015 2732; x_wconf 86' lang='lat' dir='ltr'><strong>in</strong></span> <span class='ocrx_word' id='word_1_155' title='bbox 1033 2682 1087 2731; x_wconf 86' lang='lat' dir='ltr'><strong>Vita</strong></span> <span class='ocrx_word' id='word_1_156' title='bbox 1104 2683 1179 2732; x_wconf 88' lang='lat' dir='ltr'><strong>Marci</strong></span> <span class='ocrx_word' id='word_1_157' title='bbox 1198 2682 1315 2732; x_wconf 77' lang='lat' dir='ltr'><strong>Antonini</strong></span> <span class='ocrx_word' id='word_1_158' title='bbox 1334 2682 1390 2731; x_wconf 88' lang='lat' dir='ltr'><strong>Phi·</strong></span> 
     </span>
     <span class='ocr_line' id='line_1_21' title="bbox 220 2765 731 2833; baseline 0 -19"><span class='ocrx_word' id='word_1_159' title='bbox 220 2765 321 2832; x_wconf 87' lang='lat' dir='ltr'><strong>losophi.</strong></span> <span class='ocrx_word' id='word_1_160' title='bbox 340 2768 423 2833; x_wconf 82' lang='lat' dir='ltr'><strong>(Capp.</strong></span> <span class='ocrx_word' id='word_1_161' title='bbox 443 2767 529 2825; x_wconf 78' lang='lat'>11‚2;</span> <span class='ocrx_word' id='word_1_162' title='bbox 548 2768 571 2824; x_wconf 84' lang='grc'><strong>7,</strong></span> <span class='ocrx_word' id='word_1_163' title='bbox 589 2767 620 2825; x_wconf 87' lang='grc'><strong>8;</strong></span> <span class='ocrx_word' id='word_1_164' title='bbox 639 2766 679 2825; x_wconf 81' lang='grc'><strong>20,</strong></span> <span class='ocrx_word' id='word_1_165' title='bbox 697 2767 731 2827; x_wconf 86' lang='grc'><strong>6.)</strong></span> 
     </span>
    </p>

    <p class='ocr_par' dir='ltr' id='par_1_6' title="bbox 216 2847 1393 3246">
     <span class='ocr_line' id='line_1_22' title="bbox 251 2847 1391 2915; baseline 0 -17"><span class='ocrx_word' id='word_1_166' title='bbox 251 2851 289 2898; x_wconf 75' lang='lat' dir='ltr'><strong>Aa</strong></span> <span class='ocrx_word' id='word_1_167' title='bbox 315 2867 388 2900; x_wconf 85' lang='lat' dir='ltr'><strong>novas</strong></span> <span class='ocrx_word' id='word_1_168' title='bbox 412 2851 468 2900; x_wconf 88' lang='lat' dir='ltr'><strong>illas</strong></span> <span class='ocrx_word' id='word_1_169' title='bbox 493 2849 585 2915; x_wconf 89' lang='lat' dir='ltr'><strong>puellas</strong></span> <span class='ocrx_word' id='word_1_170' title='bbox 606 2849 771 2898; x_wconf 81' lang='lat' dir='ltr'><strong>Faustinianas</strong></span> <span class='ocrx_word' id='word_1_171' title='bbox 788 2847 949 2913; x_wconf 79' lang='lat' dir='ltr'><strong>anaglyphum</strong></span> <span class='ocrx_word' id='word_1_172' title='bbox 967 2848 1155 2912; x_wconf 88' lang='lat' dir='ltr'><strong>pulcherrimum</strong></span> <span class='ocrx_word' id='word_1_173' title='bbox 1173 2848 1199 2897; x_wconf 95' lang='lat' dir='ltr'><strong>in</strong></span> <span class='ocrx_word' id='word_1_174' title='bbox 1217 2848 1301 2897; x_wconf 89' lang='lat' dir='ltr'><strong>Museo</strong></span> <span class='ocrx_word' id='word_1_175' title='bbox 1318 2847 1391 2898; x_wconf 84' lang='lat' dir='ltr'><strong>villae</strong></span> 
     </span>
     <span class='ocr_line' id='line_1_23' title="bbox 218 2931 1390 2996; baseline -0.001 -15"><span class='ocrx_word' id='word_1_176' title='bbox 218 2932 376 2983; x_wconf 83' lang='lat' dir='ltr'><strong>Albaniorum</strong></span> <span class='ocrx_word' id='word_1_177' title='bbox 400 2935 477 2983; x_wconf 84' lang='lat' dir='ltr'><strong>adhuc</strong></span> <span class='ocrx_word' id='word_1_178' title='bbox 503 2936 621 2982; x_wconf 85' lang='lat' dir='ltr'><strong>servatum</strong></span> <span class='ocrx_word' id='word_1_179' title='bbox 641 2932 789 2980; x_wconf 78' lang='lat' dir='ltr'><strong>referendum</strong></span> <span class='ocrx_word' id='word_1_180' title='bbox 807 2947 830 2980; x_wconf 89' lang='lat' dir='ltr'><strong>se</strong></span> <span class='ocrx_word' id='word_1_181' title='bbox 847 2932 939 2980; x_wconf 89' lang='lat' dir='ltr'><strong>credere</strong></span> <span class='ocrx_word' id='word_1_182' title='bbox 956 2931 1014 2980; x_wconf 86' lang='lat' dir='ltr'><strong>dicit</strong></span> <span class='ocrx_word' id='word_1_183' title='bbox 1032 2931 1131 2980; x_wconf 81' lang='grc'>1100000</span> <span class='ocrx_word' id='word_1_184' title='bbox 1148 2931 1175 2993; x_wconf 78' lang='lat' dir='ltr'><strong>(l.</strong></span> <span class='ocrx_word' id='word_1_185' title='bbox 1193 2931 1211 2980; x_wconf 88' lang='lat' dir='ltr'><strong>l.</strong></span> <span class='ocrx_word' id='word_1_186' title='bbox 1226 2948 1278 2996; x_wconf 81' lang='lat' dir='ltr'><strong>pag.</strong></span> <span class='ocrx_word' id='word_1_187' title='bbox 1296 2931 1346 2992; x_wconf 76' lang='lat'><strong>20),</strong></span> <span class='ocrx_word' id='word_1_188' title='bbox 1363 2931 1390 2980; x_wconf 89' lang='lat' dir='ltr'><strong>in</strong></span> 
     </span>
     <span class='ocr_line' id='line_1_24' title="bbox 217 3014 1391 3080; baseline 0 -16"><span class='ocrx_word' id='word_1_189' title='bbox 217 3033 264 3080; x_wconf 91' lang='lat' dir='ltr'><strong>quo</strong></span> <span class='ocrx_word' id='word_1_190' title='bbox 289 3017 400 3067; x_wconf 88' lang='lat' dir='ltr'><strong>mulieres</strong></span> <span class='ocrx_word' id='word_1_191' title='bbox 425 3018 484 3067; x_wconf 84' lang='lat' dir='ltr'><strong>duae</strong></span> <span class='ocrx_word' id='word_1_192' title='bbox 505 3020 592 3065; x_wconf 86' lang='lat' dir='ltr'><strong>stantes</strong></span> <span class='ocrx_word' id='word_1_193' title='bbox 618 3016 645 3064; x_wconf 92' lang='lat' dir='ltr'><strong>in</strong></span> <span class='ocrx_word' id='word_1_194' title='bbox 665 3019 783 3079; x_wconf 74' lang='lat' dir='ltr'><strong>suggestu,</strong></span> <span class='ocrx_word' id='word_1_195' title='bbox 802 3014 937 3078; x_wconf 75' lang='lat' dir='ltr'><strong>complures</strong></span> <span class='ocrx_word' id='word_1_196' title='bbox 953 3018 1032 3064; x_wconf 86' lang='lat' dir='ltr'><strong>autem</strong></span> <span class='ocrx_word' id='word_1_197' title='bbox 1050 3019 1106 3064; x_wconf 86' lang='lat' dir='ltr'><strong>ente</strong></span> <span class='ocrx_word' id='word_1_198' title='bbox 1122 3014 1195 3064; x_wconf 90' lang='lat' dir='ltr'><strong>illum</strong></span> <span class='ocrx_word' id='word_1_199' title='bbox 1212 3015 1391 3079; x_wconf 86' lang='lat' dir='ltr'><strong>conspiciuntur</strong></span> 
     </span>
     <span class='ocr_line' id='line_1_25' title="bbox 216 3097 1393 3166; baseline -0.001 -17"><span class='ocrx_word' id='word_1_200' title='bbox 216 3100 315 3164; x_wconf 89' lang='lat' dir='ltr'><strong>puellae,</strong></span> <span class='ocrx_word' id='word_1_201' title='bbox 341 3117 442 3166; x_wconf 80' lang='lat' dir='ltr'><strong>quornm</strong></span> <span class='ocrx_word' id='word_1_202' title='bbox 468 3117 527 3165; x_wconf 87' lang='lat' dir='ltr'><strong>quae</strong></span> <span class='ocrx_word' id='word_1_203' title='bbox 553 3099 658 3164; x_wconf 88' lang='lat' dir='ltr'><strong>proxime</strong></span> <span class='ocrx_word' id='word_1_204' title='bbox 683 3099 713 3147; x_wconf 87' lang='lat' dir='ltr'><strong>ad</strong></span> <span class='ocrx_word' id='word_1_205' title='bbox 740 3102 875 3162; x_wconf 76' lang='lat' dir='ltr'><strong>suggestum</strong></span> <span class='ocrx_word' id='word_1_206' title='bbox 895 3098 1000 3157; x_wconf 84' lang='lat' dir='ltr'><strong>accessit,</strong></span> <span class='ocrx_word' id='word_1_207' title='bbox 1018 3101 1104 3146; x_wconf 84' lang='lat' dir='ltr'><strong>vestem</strong></span> <span class='ocrx_word' id='word_1_208' title='bbox 1120 3098 1211 3164; x_wconf 86' lang='lat' dir='ltr'><strong>pandit,</strong></span> <span class='ocrx_word' id='word_1_209' title='bbox 1229 3101 1256 3147; x_wconf 89' lang='lat' dir='ltr'><strong>ut</strong></span> <span class='ocrx_word' id='word_1_210' title='bbox 1272 3097 1301 3147; x_wconf 91' lang='lat' dir='ltr'><strong>ab</strong></span> <span class='ocrx_word' id='word_1_211' title='bbox 1318 3098 1393 3148; x_wconf 84' lang='lat' dir='ltr'><strong>altera</strong></span> 
     </span>
     <span class='ocr_line' id='line_1_26' title="bbox 218 3182 637 3246; baseline -0.005 -14"><span class='ocrx_word' id='word_1_212' title='bbox 218 3183 349 3232; x_wconf 89' lang='lat' dir='ltr'><strong>mulierum</strong></span> <span class='ocrx_word' id='word_1_213' title='bbox 365 3185 513 3232; x_wconf 86' lang='lat' dir='ltr'><strong>frumentum</strong></span> <span class='ocrx_word' id='word_1_214' title='bbox 530 3182 637 3246; x_wconf 88' lang='lat' dir='ltr'><strong>accipiat.</strong></span> 
     </span>
    </p>

    <p class='ocr_par' dir='ltr' id='par_1_7' title="bbox 251 3263 780 3327">
     <span class='ocr_line' id='line_1_27' title="bbox 251 3263 780 3327; baseline -0.009 -13"><span class='ocrx_word' id='word_1_215' title='bbox 251 3266 271 3314; x_wconf 71' lang='grc' dir='ltr'>ἰ</span> <span class='ocrx_word' id='word_1_216' title='bbox 305 3266 332 3314; x_wconf 83' lang='lat'><strong>0.</strong></span> <span class='ocrx_word' id='word_1_217' title='bbox 350 3267 370 3315; x_wconf 92' lang='lat' dir='ltr'><strong>I.</strong></span> <span class='ocrx_word' id='word_1_218' title='bbox 388 3267 413 3315; x_wconf 73' lang='grc'><strong>10.</strong></span> <span class='ocrx_word' id='word_1_219' title='bbox 432 3266 474 3323; x_wconf 85' lang='lat' dir='ltr'><strong>Ill,</strong></span> <span class='ocrx_word' id='word_1_220' title='bbox 493 3264 558 3318; x_wconf 77' lang='lat'><strong>5700</strong></span> <span class='ocrx_word' id='word_1_221' title='bbox 575 3269 617 3327; x_wconf 89' lang='lat'><strong>(=</strong></span> <span class='ocrx_word' id='word_1_222' title='bbox 635 3263 712 3313; x_wconf 89' lang='lat' dir='ltr'><strong>Orelli</strong></span> <span class='ocrx_word' id='word_1_223' title='bbox 731 3264 780 3324; x_wconf 82' lang='grc'><strong>89).</strong></span> 
     </span>
    </p>

    <p class='ocr_par' dir='ltr' id='par_1_8' title="bbox 216 3345 1391 3578">
     <span class='ocr_line' id='line_1_28' title="bbox 250 3345 1391 3410; baseline -0.001 -13"><span class='ocrx_word' id='word_1_224' title='bbox 250 3349 270 3409; x_wconf 81' lang='lat'><strong>³)</strong></span> <span class='ocrx_word' id='word_1_225' title='bbox 304 3348 361 3398; x_wconf 79' lang='lat' dir='ltr'><strong>ul</strong></span> <span class='ocrx_word' id='word_1_226' title='bbox 387 3349 412 3397; x_wconf 74' lang='lat'><strong>11.</strong></span> <span class='ocrx_word' id='word_1_227' title='bbox 431 3349 472 3406; x_wconf 84' lang='lat' dir='ltr'><strong>lll,</strong></span> <span class='ocrx_word' id='word_1_228' title='bbox 491 3348 514 3407; x_wconf 77' lang='lat'><strong>2,</strong></span> <span class='ocrx_word' id='word_1_229' title='bbox 532 3348 598 3396; x_wconf 77' lang='grc'>0000</span> <span class='ocrx_word' id='word_1_230' title='bbox 616 3352 658 3410; x_wconf 69' lang='grc' dir='ltr'>(τ.-</span> <span class='ocrx_word' id='word_1_231' title='bbox 676 3346 753 3395; x_wconf 90' lang='lat' dir='ltr'><strong>Orelli</strong></span> <span class='ocrx_word' id='word_1_232' title='bbox 772 3346 838 3406; x_wconf 80' lang='lat'><strong>847).</strong></span> <span class='ocrx_word' id='word_1_233' title='bbox 864 3345 919 3394; x_wconf 92' lang='lat' dir='ltr'><strong>Nou</strong></span> <span class='ocrx_word' id='word_1_234' title='bbox 934 3345 1391 3410; x_wconf 81' lang='lat' dir='ltr'><strong>eSeatino,quodexbibetKubitachek</strong></span> 
     </span>
     <span class='ocr_line' id='line_1_29' title="bbox 216 3429 1390 3496; baseline -0.001 -16"><span class='ocrx_word' id='word_1_235' title='bbox 216 3432 279 3495; x_wconf 86' lang='lat' dir='ltr'><strong>apud</strong></span> <span class='ocrx_word' id='word_1_236' title='bbox 303 3431 504 3496; x_wconf 87' lang='lat' dir='ltr'><strong>Pauly-Wissowa</strong></span> <span class='ocrx_word' id='word_1_237' title='bbox 528 3447 547 3480; x_wconf 90' lang='lat' dir='ltr'><strong>s.</strong></span> <span class='ocrx_word' id='word_1_238' title='bbox 564 3447 587 3480; x_wconf 86' lang='lat' dir='ltr'><strong>v.</strong></span> <span class='ocrx_word' id='word_1_239' title='bbox 605 3430 721 3479; x_wconf 81' lang='lat' dir='ltr'><strong>alimenta</strong></span> <span class='ocrx_word' id='word_1_240' title='bbox 739 3429 774 3491; x_wconf 73' lang='lat'><strong>(1²</strong></span> <span class='ocrx_word' id='word_1_241' title='bbox 791 3445 836 3493; x_wconf 85' lang='lat' dir='ltr'><strong>pag</strong></span> <span class='ocrx_word' id='word_1_242' title='bbox 863 3429 953 3490; x_wconf 51' lang='lat'>1487„</span> <span class='ocrx_word' id='word_1_243' title='bbox 972 3433 1099 3493; x_wconf 90' lang='lat' dir='ltr'><strong>utrumqne</strong></span> <span class='ocrx_word' id='word_1_244' title='bbox 1116 3434 1139 3478; x_wconf 91' lang='lat' dir='ltr'><strong>et</strong></span> <span class='ocrx_word' id='word_1_245' title='bbox 1157 3429 1277 3479; x_wconf 80' lang='lat' dir='ltr'><strong>Sestinum</strong></span> <span class='ocrx_word' id='word_1_246' title='bbox 1294 3434 1317 3480; x_wconf 94' lang='lat' dir='ltr'><strong>et</strong></span> <span class='ocrx_word' id='word_1_247' title='bbox 1335 3431 1390 3479; x_wconf 83' lang='lat' dir='ltr'><strong>Sen-</strong></span> 
     </span>
     <span class='ocr_line' id='line_1_30' title="bbox 218 3514 667 3578; baseline 0 -16"><span class='ocrx_word' id='word_1_248' title='bbox 218 3514 295 3563; x_wconf 89' lang='lat' dir='ltr'><strong>tinum</strong></span> <span class='ocrx_word' id='word_1_249' title='bbox 313 3525 351 3563; x_wconf 80' lang='grc'><strong>001</strong></span> <span class='ocrx_word' id='word_1_250' title='bbox 368 3514 481 3563; x_wconf 83' lang='lat' dir='ltr'><strong>Umbriae</strong></span> <span class='ocrx_word' id='word_1_251' title='bbox 498 3514 667 3578; x_wconf 89' lang='lat' dir='ltr'><strong>municipium.</strong></span> 
     </span>
    </p>

    <p class='ocr_par' dir='ltr' id='par_1_9' title="bbox 251 3595 1387 3662">
     <span class='ocr_line' id='line_1_31' title="bbox 251 3595 1387 3662; baseline -0.002 -16"><span class='ocrx_word' id='word_1_252' title='bbox 251 3598 270 3656; x_wconf 85' lang='lat'><strong>⁴)</strong></span> <span class='ocrx_word' id='word_1_253' title='bbox 305 3598 420 3646; x_wconf 77' lang='lat' dir='ltr'><strong>Gruterus</strong></span> <span class='ocrx_word' id='word_1_254' title='bbox 445 3613 496 3662; x_wconf 85' lang='lat' dir='ltr'><strong>pag.</strong></span> <span class='ocrx_word' id='word_1_255' title='bbox 516 3596 589 3655; x_wconf 73' lang='lat'><strong>1022,</strong></span> <span class='ocrx_word' id='word_1_256' title='bbox 616 3597 638 3645; x_wconf 83' lang='grc'><strong>6.</strong></span> <span class='ocrx_word' id='word_1_257' title='bbox 674 3596 742 3644; x_wconf 88' lang='lat' dir='ltr'><strong>Hanc</strong></span> <span class='ocrx_word' id='word_1_258' title='bbox 759 3595 938 3660; x_wconf 85' lang='lat' dir='ltr'><strong>inscriptionem</strong></span> <span class='ocrx_word' id='word_1_259' title='bbox 955 3595 981 3644; x_wconf 91' lang='lat' dir='ltr'><strong>in</strong></span> <span class='ocrx_word' id='word_1_260' title='bbox 999 3595 1026 3645; x_wconf 81' lang='lat'><strong>0.</strong></span> <span class='ocrx_word' id='word_1_261' title='bbox 1045 3595 1065 3645; x_wconf 88' lang='lat'><strong>1.</strong></span> <span class='ocrx_word' id='word_1_262' title='bbox 1083 3596 1110 3645; x_wconf 91' lang='lat' dir='ltr'><strong>L.</strong></span> <span class='ocrx_word' id='word_1_263' title='bbox 1128 3596 1228 3661; x_wconf 86' lang='lat' dir='ltr'><strong>reperire</strong></span> <span class='ocrx_word' id='word_1_264' title='bbox 1245 3610 1293 3645; x_wconf 89' lang='lat' dir='ltr'><strong>non</strong></span> <span class='ocrx_word' id='word_1_265' title='bbox 1310 3596 1387 3661; x_wconf 92' lang='lat' dir='ltr'><strong>potui.</strong></span> 
     </span>
    </p>

    <p class='ocr_par' dir='ltr' id='par_1_10' title="bbox 253 3669 840 3742">
     <span class='ocr_line' id='line_1_32' title="bbox 253 3669 840 3742; baseline 0 -14"><span class='ocrx_word' id='word_1_266' title='bbox 253 3679 271 3740; x_wconf 67' lang='grc' dir='ltr'><strong>ι)</strong></span> <span class='ocrx_word' id='word_1_267' title='bbox 306 3680 333 3728; x_wconf 86' lang='lat' dir='ltr'><strong>c.</strong></span> <span class='ocrx_word' id='word_1_268' title='bbox 351 3681 371 3729; x_wconf 90' lang='lat'><strong>1.</strong></span> <span class='ocrx_word' id='word_1_269' title='bbox 389 3681 415 3729; x_wconf 83' lang='grc'><strong>0.</strong></span> <span class='ocrx_word' id='word_1_270' title='bbox 436 3680 500 3740; x_wconf 81' lang='lat' dir='ltr'><strong>rur,</strong></span> <span class='ocrx_word' id='word_1_271' title='bbox 517 3680 584 3730; x_wconf 83' lang='lat'>4003</span> <span class='ocrx_word' id='word_1_272' title='bbox 601 3685 643 3742; x_wconf 52' lang='grc' dir='ltr'><strong>(ε</strong></span> <span class='ocrx_word' id='word_1_273' title='bbox 662 3679 737 3728; x_wconf 67' lang='lat' dir='ltr'><strong>orsus</strong></span> <span class='ocrx_word' id='word_1_274' title='bbox 756 3669 840 3740; x_wconf 74' lang='lat' dir='ltr'><strong>asse).</strong></span> 
     </span>
    </p>

    <p class='ocr_par' dir='ltr' id='par_1_11' title="bbox 253 3763 620 3830">
     <span class='ocr_line' id='line_1_33' title="bbox 253 3763 620 3830; baseline 0 -18"><span class='ocrx_word' id='word_1_275' title='bbox 253 3763 272 3824; x_wconf 71' lang='lat'><strong>⁶)</strong></span> <span class='ocrx_word' id='word_1_276' title='bbox 306 3763 407 3830; x_wconf 83' lang='lat' dir='ltr'><strong>Capitol.</strong></span> <span class='ocrx_word' id='word_1_277' title='bbox 426 3763 537 3812; x_wconf 84' lang='lat' dir='ltr'><strong>Pertinax</strong></span> <span class='ocrx_word' id='word_1_278' title='bbox 554 3766 578 3821; x_wconf 86' lang='lat'><strong>4,</strong></span> <span class='ocrx_word' id='word_1_279' title='bbox 598 3763 620 3813; x_wconf 92' lang='lat' dir='ltr'><strong>l.</strong></span> 
     </span>
    </p>

    <p class='ocr_par' dir='ltr' id='par_1_12' title="bbox 218 3844 1391 4243">
     <span class='ocr_line' id='line_1_34' title="bbox 253 3844 1391 3909; baseline -0.001 -14"><span class='ocrx_word' id='word_1_280' title='bbox 253 3845 273 3906; x_wconf 81' lang='lat'><strong>⁷)</strong></span> <span class='ocrx_word' id='word_1_281' title='bbox 307 3846 369 3896; x_wconf 84' lang='lat' dir='ltr'><strong>Ibid.</strong></span> <span class='ocrx_word' id='word_1_282' title='bbox 397 3848 420 3904; x_wconf 85' lang='lat'><strong>9,</strong></span> <span class='ocrx_word' id='word_1_283' title='bbox 447 3847 470 3895; x_wconf 83' lang='lat'><strong>8.</strong></span> <span class='ocrx_word' id='word_1_284' title='bbox 505 3847 540 3895; x_wconf 89' lang='lat' dir='ltr'><strong>De</strong></span> <span class='ocrx_word' id='word_1_285' title='bbox 556 3847 601 3894; x_wconf 92' lang='lat' dir='ltr'><strong>hoc</strong></span> <span class='ocrx_word' id='word_1_286' title='bbox 617 3846 669 3894; x_wconf 88' lang='grc'>1000</span> <span class='ocrx_word' id='word_1_287' title='bbox 686 3847 815 3895; x_wconf 88' lang='lat' dir='ltr'><strong>sententiae</strong></span> <span class='ocrx_word' id='word_1_288' title='bbox 832 3846 960 3895; x_wconf 84' lang='lat' dir='ltr'><strong>variantur.</strong></span> <span class='ocrx_word' id='word_1_289' title='bbox 994 3846 1149 3909; x_wconf 84' lang='lat' dir='ltr'><strong>Antiquiores</strong></span> <span class='ocrx_word' id='word_1_290' title='bbox 1166 3849 1202 3908; x_wconf 89' lang='lat' dir='ltr'><strong>(ut</strong></span> <span class='ocrx_word' id='word_1_291' title='bbox 1219 3845 1345 3902; x_wconf 88' lang='lat' dir='ltr'><strong>Muratori,</strong></span> <span class='ocrx_word' id='word_1_292' title='bbox 1362 3844 1391 3894; x_wconf 88' lang='lat' dir='ltr'><strong>de</strong></span> 
     </span>
     <span class='ocr_line' id='line_1_35' title="bbox 219 3928 1391 3993; baseline 0 -17"><span class='ocrx_word' id='word_1_293' title='bbox 219 3928 299 3985; x_wconf 86' lang='lat' dir='ltr'><strong>Lame,</strong></span> <span class='ocrx_word' id='word_1_294' title='bbox 322 3929 416 3993; x_wconf 88' lang='lat' dir='ltr'><strong>Zumpt)</strong></span> <span class='ocrx_word' id='word_1_295' title='bbox 433 3945 447 3977; x_wconf 89' lang='grc'><strong>0</strong></span> <span class='ocrx_word' id='word_1_296' title='bbox 464 3929 584 3978; x_wconf 83' lang='grc' dir='ltr'>Ρο01ἰο000</span> <span class='ocrx_word' id='word_1_297' title='bbox 601 3933 676 3978; x_wconf 88' lang='lat' dir='ltr'><strong>totum</strong></span> <span class='ocrx_word' id='word_1_298' title='bbox 694 3929 831 3978; x_wconf 85' lang='lat' dir='ltr'><strong>institutum</strong></span> <span class='ocrx_word' id='word_1_299' title='bbox 849 3928 970 3977; x_wconf 87' lang='lat' dir='ltr'><strong>sublatum</strong></span> <span class='ocrx_word' id='word_1_300' title='bbox 988 3945 1037 3977; x_wconf 87' lang='lat' dir='ltr'><strong>esse</strong></span> <span class='ocrx_word' id='word_1_301' title='bbox 1053 3928 1129 3976; x_wconf 89' lang='lat' dir='ltr'><strong>aiunt.</strong></span> <span class='ocrx_word' id='word_1_302' title='bbox 1147 3955 1178 3964; x_wconf 92' lang='lat'><strong>-·</strong></span> <span class='ocrx_word' id='word_1_303' title='bbox 1196 3928 1293 3976; x_wconf 81' lang='lat' dir='ltr'><strong>Henaen</strong></span> <span class='ocrx_word' id='word_1_304' title='bbox 1310 3932 1391 3992; x_wconf 89' lang='lat' dir='ltr'><strong>(quem</strong></span> 
     </span>
     <span class='ocr_line' id='line_1_36' title="bbox 220 4011 1391 4077; baseline 0.002 -18"><span class='ocrx_word' id='word_1_305' title='bbox 220 4011 327 4074; x_wconf 87' lang='lat' dir='ltr'><strong>sequitur</strong></span> <span class='ocrx_word' id='word_1_306' title='bbox 353 4013 498 4075; x_wconf 89' lang='lat' dir='ltr'><strong>Marquardt,</strong></span> <span class='ocrx_word' id='word_1_307' title='bbox 525 4011 541 4060; x_wconf 94' lang='lat' dir='ltr'><strong>l.</strong></span> <span class='ocrx_word' id='word_1_308' title='bbox 568 4012 585 4060; x_wconf 95' lang='lat' dir='ltr'><strong>l.</strong></span> <span class='ocrx_word' id='word_1_309' title='bbox 615 4028 666 4077; x_wconf 81' lang='lat' dir='ltr'><strong>pag.</strong></span> <span class='ocrx_word' id='word_1_310' title='bbox 697 4012 754 4072; x_wconf 79' lang='lat'>147)</span> <span class='ocrx_word' id='word_1_311' title='bbox 771 4011 822 4060; x_wconf 89' lang='lat' dir='ltr'><strong>illis</strong></span> <span class='ocrx_word' id='word_1_312' title='bbox 842 4012 921 4060; x_wconf 87' lang='lat' dir='ltr'><strong>verbis</strong></span> <span class='ocrx_word' id='word_1_313' title='bbox 938 4011 1002 4060; x_wconf 90' lang='lat' dir='ltr'><strong>nihil</strong></span> <span class='ocrx_word' id='word_1_314' title='bbox 1019 4011 1085 4060; x_wconf 85' lang='lat' dir='ltr'><strong>aliud</strong></span> <span class='ocrx_word' id='word_1_315' title='bbox 1103 4011 1231 4075; x_wconf 84' lang='lat' dir='ltr'><strong>significari</strong></span> <span class='ocrx_word' id='word_1_316' title='bbox 1249 4011 1307 4060; x_wconf 80' lang='lat' dir='ltr'><strong>(licit</strong></span> <span class='ocrx_word' id='word_1_317' title='bbox 1324 4011 1352 4073; x_wconf 78' lang='lat' dir='ltr'><strong>ll.</strong></span> <span class='ocrx_word' id='word_1_318' title='bbox 1373 4011 1391 4062; x_wconf 92' lang='lat' dir='ltr'><strong>l.</strong></span> 
     </span>
     <span class='ocr_line' id='line_1_37' title="bbox 218 4094 1391 4159; baseline 0.002 -17"><span class='ocrx_word' id='word_1_319' title='bbox 218 4110 269 4158; x_wconf 75' lang='lat' dir='ltr'><strong>pag.</strong></span> <span class='ocrx_word' id='word_1_320' title='bbox 296 4095 345 4153; x_wconf 79' lang='lat'><strong>48),</strong></span> <span class='ocrx_word' id='word_1_321' title='bbox 373 4095 436 4158; x_wconf 85' lang='lat' dir='ltr'><strong>„nisi</strong></span> <span class='ocrx_word' id='word_1_322' title='bbox 463 4111 503 4159; x_wconf 90' lang='lat' dir='ltr'><strong>per</strong></span> <span class='ocrx_word' id='word_1_323' title='bbox 531 4111 616 4143; x_wconf 88' lang='lat' dir='ltr'><strong>novem</strong></span> <span class='ocrx_word' id='word_1_324' title='bbox 641 4111 715 4143; x_wconf 88' lang='grc'>00000</span> <span class='ocrx_word' id='word_1_325' title='bbox 740 4095 902 4144; x_wconf 81' lang='lat' dir='ltr'><strong>intermissam</strong></span> <span class='ocrx_word' id='word_1_326' title='bbox 927 4094 1097 4144; x_wconf 79' lang='lat' dir='ltr'><strong>alimentorum</strong></span> <span class='ocrx_word' id='word_1_327' title='bbox 1120 4095 1292 4159; x_wconf 88' lang='lat' dir='ltr'><strong>perceptionem</strong></span> <span class='ocrx_word' id='word_1_328' title='bbox 1310 4095 1391 4154; x_wconf 75' lang='lat' dir='ltr'><strong>fuisse,</strong></span> 
     </span>
     <span class='ocr_line' id='line_1_38' title="bbox 219 4176 1391 4243; baseline 0 -17"><span class='ocrx_word' id='word_1_329' title='bbox 219 4177 364 4226; x_wconf 86' lang='lat' dir='ltr'><strong>Pertinacem</strong></span> <span class='ocrx_word' id='word_1_330' title='bbox 386 4193 440 4227; x_wconf 85' lang='lat' dir='ltr'><strong>vero</strong></span> <span class='ocrx_word' id='word_1_331' title='bbox 459 4178 484 4226; x_wconf 86' lang='lat' dir='ltr'><strong>in</strong></span> <span class='ocrx_word' id='word_1_332' title='bbox 502 4193 601 4236; x_wconf 89' lang='lat' dir='ltr'><strong>summa,</strong></span> <span class='ocrx_word' id='word_1_333' title='bbox 618 4194 665 4243; x_wconf 87' lang='lat' dir='ltr'><strong>qus</strong></span> <span class='ocrx_word' id='word_1_334' title='bbox 681 4182 732 4226; x_wconf 92' lang='lat' dir='ltr'><strong>tum</strong></span> <span class='ocrx_word' id='word_1_335' title='bbox 750 4178 820 4226; x_wconf 88' lang='lat' dir='ltr'><strong>Italia</strong></span> <span class='ocrx_word' id='word_1_336' title='bbox 836 4181 894 4236; x_wconf 87' lang='lat' dir='ltr'><strong>erat,</strong></span> <span class='ocrx_word' id='word_1_337' title='bbox 912 4176 1045 4227; x_wconf 83' lang='lat' dir='ltr'><strong>calamitate</strong></span> <span class='ocrx_word' id='word_1_338' title='bbox 1061 4177 1162 4236; x_wconf 84' lang='lat' dir='ltr'><strong>residua,</strong></span> <span class='ocrx_word' id='word_1_339' title='bbox 1180 4193 1228 4227; x_wconf 91' lang='grc'><strong>000</strong></span> <span class='ocrx_word' id='word_1_340' title='bbox 1246 4177 1310 4243; x_wconf 87' lang='lat' dir='ltr'><strong>ipsas</strong></span> <span class='ocrx_word' id='word_1_341' title='bbox 1329 4178 1391 4234; x_wconf 56' lang='lat' dir='ltr'><strong>oblif</strong></span> 
     </span>
    </p>
   </div>
   <div class='ocr_carea' id='block_1_4' title="bbox 0 0 1652 5008">
    <p class='ocr_par' dir='ltr' id='par_1_13' title="bbox 0 0 1652 5008">
     <span class='ocr_line' id='line_1_39' title="bbox 0 0 1652 5008; baseline 0 1"><span class='ocrx_word' id='word_1_342' title='bbox 0 0 1652 5008; x_wconf 95' lang='lat' dir='ltr'><strong> </strong></span> 
     </span>
    </p>
   </div>
  </div>
 </body>
</html>
