3226 4998
752 523 794 590 77

186 706 222 770 id
255 706 370 791 ipsum
406 705 497 790 quod
531 705 581 768 illi
615 704 658 769 ad
693 703 850 769 omnium
873 709 1009 768 tantum
1033 701 1276 787 egentissimos
1302 722 1358 786 pe·

187 818 339 903 regrinos
362 817 551 904 plerosque,
577 816 601 903 ¹)
625 823 789 903 spectant.

231 931 352 1016 ltaque
388 931 640 1016 circumspectis
673 928 773 994 rebus
807 929 967 994 omnibus
1000 928 1257 1014 rationibusque
1282 926 1358 992 sub·

188 1043 299 1108 ductis
329 1043 426 1108 facile
457 1043 607 1108 adducor
631 1049 669 1107 ut
691 1043 827 1107 credam
852 1043 1096 1128 pauperiorum
1119 1041 1357 1107 condicionem

189 1157 319 1222 Romae
359 1178 428 1221 non
462 1157 510 1221 ita
544 1157 704 1221 miseram
738 1156 849 1221 fuisse.
882 1155 907 1242 2)
952 1157 994 1220 ln
1029 1155 1149 1221 eadem
1180 1153 1356 1234 sententia,

190 1271 299 1350 credo,
336 1277 408 1334 erat
441 1270 578 1350 Seneca,
604 1269 665 1355 qui
687 1269 820 1334 etiamsi
842 1269 1006 1335 concedat
1028 1290 1098 1334 non
1125 1267 1357 1354 ,iucunda(m)

191 1382 290 1470 ro(m)
325 1382 421 1469 es(se)
456 1382 609 1469 aqua(m)
643 1389 676 1447 et
704 1383 903 1469 polenta(m)
927 1377 986 1447 aut
1009 1383 1156 1446 frustum
1179 1381 1359 1447 hordeacei

191 1497 321 1582 paniS,''
361 1494 386 1582 ³)
410 1503 526 1560 tamen
548 1495 608 1560 illa
633 1495 762 1575 „multa
786 1495 881 1560 milia
904 1496 1127 1581 pauperum,’'
1153 1496 1179 1583 4)
1204 1495 1264 1581 qui
1287 1502 1359 1560 tam

191 1631 290 1695 parce
327 1609 441 1674 vivere
466 1609 572 1674 coacti
595 1617 714 1690 essent,
739 1609 1010 1675 commiserando
1035 1631 1104 1674 esse
1129 1630 1199 1674 non
1221 1608 1357 1673 iudicet.

191 1722 267 1788 Scio
291 1722 452 1808 equidem
474 1721 621 1788 Senecae
644 1723 846 1802 auctoritati,
871 1729 909 1787 ut
932 1722 1127 1808 philosophi
1150 1722 1263 1802 Stoici,
1289 1742 1359 1786 non
1390 1801 1393 1805 .

190 1836 294 1900 nimis
328 1835 482 1900 dandum
515 1857 595 1900 esse.
643 1836 806 1902 Attamen
829 1836 997 1901 nonnulla
1020 1835 1154 1901 silentio
1177 1835 1359 1921 praeterire

191 1949 269 2014 nolo
309 1970 395 2034 quae
431 1949 540 2014 amico
572 1971 632 2014 suo
666 1950 797 2015 Lucilio
833 1950 874 2014 de
903 1950 1025 2044 iisdem
1049 1949 1257 2036 pauperibus
1281 1949 1360 2015 scri·

190 2062 249 2128 bit.
296 2063 339 2126 ln
385 2062 477 2127 hunc
524 2063 666 2128 modum
700 2085 780 2128 eum
814 2063 988 2128 hortatur:
1040 2063 1360 2148 „interponas

190 2176 385 2262 aliquot
421 2177 533 2257 dice,
571 2177 747 2263 quibus
782 2183 1047 2242 contentus
1082 2177 1281 2240 minimo
1311 2197 1359 2241 ac

190 2290 442 2357 vilissimo
488 2290 609 2371 cibo,
654 2291 950 2376 durantque
985 2290 1359 2356 horridaveste

191 2404 326 2470 dicas
349 2403 463 2468 tibi:
492 2403 596 2484 „hoc
620 2411 692 2469 est
716 2404 840 2490 quod
863 2403 1243 2489 timebatur?“’'⁵)
1266 2403 1360 2481 Quin

132 2539 135 2544 ·
191 2518 218 2582 si
257 2539 335 2583 vere
360 2517 506 2601 cogitare
530 2517 622 2599 velit,
647 2518 820 2583 Lucilium
844 2517 1018 2605 dupondio
1042 2524 1192 2583 saturem
1215 2517 1361 2582 exsulta·

227 2678 245 2739 ¹)
272 2679 308 2727 Of.
326 2679 477 2728 Prooemium
494 2696 546 2744 pag.
566 2681 588 2728 6.

224 2762 244 2816 2)
269 2762 392 2810 Nimimm
408 2763 437 2811 ab
454 2764 592 2827 antiquitate
610 2764 734 2828 exspectari
752 2781 799 2812 non
818 2764 873 2812 licet
890 2780 949 2828 quae
966 2768 1045 2812 nostra
1062 2764 1158 2812 demum
1167 2765 1362 2828 temporaafferre

191 2849 325 2909 potuerunt.
360 2846 441 2893 Unum
459 2846 592 2910 exemplum
610 2863 702 2910 ponam.
737 2847 761 2894 Si
779 2847 916 2895 omittamus
933 2846 1005 2895 talem
1023 2847 1143 2910 egentium
1161 2863 1242 2895 curam
1260 2863 1319 2910 quae
1337 2847 1362 2894 in

106 2955 108 2960 ·
189 2928 366 2976 medicamentis
383 2929 455 2992 gratis
473 2929 679 2979 subministrandis
696 2929 734 2978 vel
746 2930 866 2978 eiusmodi
885 2929 953 2978 rebus
972 2935 1084 2988 versetur,
1104 2933 1217 2993 quantam
1235 2929 1362 2978 utilitatem

190 3011 240 3074 ipsa
257 3011 347 3060 exculta
365 3012 480 3061 medicine
497 3013 567 3061 etiem
585 3013 724 3077 pauperibus
743 3013 856 3077 praebeat,
875 3014 900 3061 in
918 3017 1029 3077 promptu
1039 3018 1080 3061 est.
1092 3013 1194 3062 Romani
1203 3017 1290 3071 autem,
1307 3012 1362 3072 licet

191 3094 216 3142 in
241 3111 296 3142 cura
321 3094 464 3144 valetudinis
482 3113 577 3160 magnos
595 3113 730 3160 progressus
749 3097 859 3145 haberent
876 3096 970 3158 (Friedl.
990 3096 1006 3144 l.
1025 3096 1043 3145 l.
1060 3113 1112 3160 pag.
1131 3097 1162 3144 38
1172 3096 1222 3158 (39)
1240 3096 1294 3144 adn.
1313 3096 1361 3156 10),

188 3181 266 3225 tamen
292 3193 364 3242 aeque
390 3178 513 3227 efficienter
538 3179 613 3227 varios
639 3179 732 3227 morbos
758 3180 907 3243 impugnare·
921 3195 969 3226 non
987 3183 1093 3243 poterant
1110 3183 1180 3242 atque
1197 3194 1247 3226 nos.
1282 3178 1361 3226 Addas

188 3259 233 3308 loci
250 3261 404 3324 gravitatem:
423 3262 469 3310 iam
487 3262 568 3310 mirari
587 3262 678 3310 desines
695 3267 718 3310 et
736 3262 818 3310 urbem
836 3262 965 3310 identidem
983 3261 1125 3325 pestilentiis
1142 3277 1192 3309 esse
1207 3261 1362 3309 conflictatam

189 3347 212 3392 et
228 3345 354 3406 quotannis
371 3360 523 3408 permagnum
541 3345 614 3393 fuisse
631 3361 757 3394 numerum
775 3362 829 3393 cnm
847 3348 976 3393 ceterorum
994 3349 1047 3393 tum
1064 3344 1166 3392 maxime
1184 3344 1312 3392 infantium
1320 3343 1362 3406 qui

191 3429 265 3474 morte
290 3426 475 3476 absumerentur.
498 3428 543 3488 (De
568 3429 699 3477 infantibus
725 3433 800 3477 morte
825 3428 956 3492 absumptis
983 3428 1037 3476 vide
1062 3427 1157 3476 Pohlm.
1184 3426 1200 3475 l.
1219 3426 1236 3474 l.
1261 3443 1313 3491 pag.
1331 3426 1362 3478 27

192 3509 245 3556 adn.
265 3508 296 3567 2;
314 3509 400 3558 Friedl.
419 3510 436 3559 l.
454 3511 471 3558 l.
489 3527 541 3574 pag.
560 3512 591 3560 62
608 3513 661 3560 adn.
681 3512 704 3560 2.
732 3512 766 3560 De
784 3511 904 3576 pestilenti
923 3511 988 3559 urbis
1006 3511 1093 3558 Romae
1110 3514 1194 3559 natura
1211 3508 1300 3558 Friedl.
1319 3507 1335 3556 l.
1346 3508 1363 3558 l.

193 3607 245 3655 pag.
272 3592 303 3645 37
321 3609 393 3656 seqq,
411 3594 451 3641 ubi
469 3595 588 3642 variarum
605 3595 792 3659 pestilentiarum
810 3602 961 3659 conspectus;
980 3593 1074 3642 Pohlm.
1092 3593 1110 3642 l.
1128 3593 1145 3642 l.
1164 3609 1215 3658 pag.
1235 3592 1282 3640 114
1300 3607 1362 3655 seqq.

194 3674 231 3722 Cf.
257 3675 327 3723 etiam
353 3677 472 3725 Ammian.
500 3677 562 3736 XIV,
581 3678 604 3736 6,
622 3678 670 3725 23:
690 3678 824 3742 „Quoniam
841 3678 903 3741 apud
920 3693 966 3734 eos,
985 3680 1011 3724 ut
1028 3676 1053 3724 in
1070 3675 1145 3740 capite
1162 3674 1254 3733 mundi,
1272 3674 1363 3722 morbo-

194 3773 247 3806 rum
272 3758 406 3807 acerbitates
431 3759 517 3808 celsius
542 3760 700 3819 dominantur,
718 3761 747 3809 ad
766 3778 824 3825 quos
842 3759 881 3808 uel
899 3760 1011 3808 sedandos
1029 3759 1107 3807 omnis
1125 3758 1237 3822 professio
1255 3757 1363 3806 medendi

192 3841 335 3904 torpescit.”)
361 3842 556 3906 Quandoquidem
582 3847 660 3892 autern
686 3844 822 3892 morborum
849 3844 884 3891 vis
911 3843 1012 3890 maxime
1037 3841 1115 3905 vagari
1150 3840 1209 3889 solet
1225 3856 1266 3905 per
1283 3840 1364 3904 ignota

194 3924 275 3988 capita,
302 3941 345 3988 pro
371 3930 433 3973 certo
459 3926 520 3974 sumi
538 3930 612 3990 potest
628 3943 676 3974 non
694 3926 771 3975 solum
788 3926 935 3990 simpliciter,
953 3926 993 3973 sed
1010 3925 1080 3974 etiam
1097 3929 1227 3990 comparate
1244 3924 1305 3973 inter
1321 3924 1363 3972 has

193 4011 277 4055 mortes
295 4006 365 4071 longe
382 4008 495 4056 maiorem
512 4013 601 4073 partem
618 4010 690 4058 fuisse
708 4010 883 4074 pauperiorum.

225 4088 246 4149 ³)
271 4090 349 4138 Senec.
368 4091 412 4154 Ep.
431 4091 492 4139 Mor.
510 4091 543 4150 II,
561 4108 596 4157 ep.
615 4094 629 4140 6
648 4092 706 4154 (18),
726 4093 764 4141 10.

226 4173 245 4233 ⁴)
272 4172 337 4222 lbid.
355 4177 365 4234 t
384 4174 405 4222 8.

228 4257 246 4319 ⁵)
272 4256 332 4305 lbid.
351 4259 361 4318 §
379 4257 403 4306 ὅ.
