3226 4998
840 470 881 534 31

272 659 389 720 tamen
423 652 549 718 exarsit
583 651 680 716 cuius
715 671 785 716 non
819 647 885 712 nisi
920 648 1073 734 aequatis
1109 645 1241 712 iuribus
1265 649 1342 714 finis
1365 649 1446 714 fuit.

273 767 388 832 Huius
429 765 625 831 certaminis
659 763 788 849 duplex
821 759 886 824 fuit
920 760 1016 825 ratio.
1063 760 1262 826 Ditissimus
1297 762 1448 848 quisque

273 881 363 946 inter
397 875 547 965 plebeios
580 877 764 964 asperrime
801 872 939 954 ferebat,
965 873 1058 959 quod
1083 874 1245 960 quamvis
1268 874 1391 960 opibus
1415 883 1454 940 et

275 993 381 1079 copiis
416 991 572 1057 afflueret
606 1013 674 1056 non
711 989 776 1054 nisi
809 987 943 1051 minuto
978 986 1050 1051 iure
1092 992 1174 1052 erat.
1222 987 1452 1073 Pauperiores

276 1111 393 1173 contra
415 1125 486 1170 non
509 1111 581 1170 tarn
605 1104 680 1168 iura
692 1103 765 1188 ipsa
777 1099 984 1187 appetebant
997 1121 1103 1186 quarn
1116 1100 1213 1166 omni
1227 1101 1449 1166 contentione

276 1217 506 1298 elaborabant,
532 1224 570 1282 ut
593 1216 636 1282 ad
659 1215 837 1281 meliorem
859 1213 950 1280 vitae
963 1194 1448 1300 condicionempervenirent,

278 1333 370 1420 quod
393 1329 477 1397 adeo
500 1331 653 1417 primurn
676 1335 748 1394 orat
771 1333 809 1392 ut
832 1349 874 1392 ne
901 1325 1027 1392 abillis
1050 1327 1221 1394 discedere
1236 1327 1376 1414 quidem
1388 1351 1450 1394 eos

278 1445 466 1530 paeniteret
511 1442 698 1508 dummodo
733 1442 823 1506 hanc
858 1439 1137 1526 adipiscerentur.
1196 1441 1273 1507 Hoc
1296 1441 1448 1508 dilucide

278 1562 419 1644 apparet
452 1579 495 1623 ex
524 1557 566 1621 iis
590 1578 677 1643 quae
701 1555 820 1622 Livius
843 1559 959 1618 narrat
982 1553 1023 1618 de
1047 1552 1181 1638 legibus
1204 1576 1224 1619 a
1248 1555 1285 1620 Ο.
1313 1555 1449 1621 Licinio

279 1678 312 1736 et
357 1671 395 1735 L.
431 1669 548 1735 Sextio
582 1668 728 1734 tribunis
764 1667 1008 1755 promulgatis:
1045 1667 1245 1754 „Apparuit
1282 1690 1368 1754 quae
1402 1691 1471 1744 ex,

280 1783 504 1869 promulgatis
526 1783 628 1870 plebi,
654 1804 740 1869 quae
755 1780 921 1847 latoribus
933 1781 1081 1864 gratiora
1094 1787 1215 1846 essent.
1229 1803 1312 1846 nam
1324 1782 1365 1847 de
1378 1783 1448 1849 fae-

279 1919 360 1962 nore
385 1903 487 1984 atqne
518 1918 602 1981 agro
616 1895 808 1980 rogationes
820 1893 994 1975 iubebant,
1009 1894 1050 1959 de
1064 1893 1198 1980 plebeio
1211 1895 1348 1960 consule
1360 1897 1450 1961 anti-

281 2010 464 2096 quabant.''
490 2009 515 2096 ¹)
539 2010 684 2097 Propter
703 2009 768 2074 hoc
781 2007 963 2094 praecipue
976 2006 1174 2092 litigabatur
1186 2015 1264 2074 ante
1276 2030 1409 2074 annum
1417 2032 1449 2076 a.

280 2146 312 2188 u.
334 2146 361 2190 c.
388 2124 451 2189 305
476 2124 521 2210 (p.
535 2123 614 2188 Chr.
629 2146 663 2189 n.
677 2121 766 2209 449),
779 2120 912 2206 legibus
925 2121 1107 2188 duodecim
1118 2120 1315 2187 tabularum
1327 2125 1453 2188 consti-

279 2239 361 2302 tutis
397 2239 440 2302 ad
474 2238 557 2302 iuris
592 2237 837 2323 aequationem
870 2235 980 2320 magis
1014 2234 1232 2321 pertinebant
1257 2237 1453 2321 rogationes

279 2353 506 2417 tribunorum.
553 2349 579 2437 9)
638 2350 780 2436 Saepius
825 2349 930 2415 etiam
977 2349 1021 2414 ad
1054 2369 1193 2415 causam
1226 2350 1452 2436 patriciorum

279 2465 416 2530 ditiores
449 2464 538 2529 inter
572 2463 722 2548 plebeios
757 2485 790 2528 se
826 2462 1022 2528 adiunxisse
1057 2461 1084 2549 8)
1112 2463 1282 2544 videntur,
1309 2465 1450 2550 quando

278 2579 342 2644 hoc
367 2579 435 2643 suis
458 2576 646 2642 rationibus
669 2577 820 2640 maxime
845 2576 1033 2642 conducere
1058 2576 1314 2662 intellegebant.
1346 2577 1448 2656 Quod

278 2715 331 2759 res
354 2692 462 2776 magis
485 2689 677 2776 implicatas
700 2689 873 2754 reddebat.

323 2803 537 2870 Monendum
581 2803 718 2868 videtur
762 2803 881 2889 priscis
926 2803 994 2868 illis
1031 2803 1241 2890 'temporibus
1276 2826 1450 2871 annorum

278 2917 505 3002 digestionem
517 2937 653 3001 prorsus
666 2937 735 2980 esse
749 2916 926 2981 incertam.
940 2917 988 2982 Ut
1001 2918 1160 3003 exemplo
1173 2924 1258 2983 utar.
1272 2919 1449 2997 Quamdiu

278 3030 485 3117 Tarquinius
508 3029 605 3110 vixit,
630 3035 766 3094 auctore
789 3030 888 3096 Livio
910 3029 1002 3115 plebi
1028 3053 1048 3095 a
1072 3031 1279 3116 primoribus
1293 3053 1451 3112 „summa

278 3167 341 3232 ope
376 3143 580 3209 inservitum
615 3143 718 3223 erat'',
754 3143 779 3229 4)
816 3164 883 3229 quo
919 3150 1054 3208 mortuo
1078 3141 1216 3230 plebem
1238 3145 1274 3209 in
1296 3166 1450 3211 summas

278 3257 453 3342 angustias
486 3256 669 3321 deductam
693 3257 855 3321 continuo
880 3256 917 3320 in
941 3264 1095 3322 montem
1118 3279 1253 3322 sacrum
1276 3259 1447 3324 secessisse

277 3371 370 3436 idem
415 3370 533 3436 Livius
567 3376 682 3434 narrat
695 3392 702 3448 ;
742 3369 837 3434 nullo
875 3369 980 3453 igitur
1014 3370 1115 3435 modo
1150 3371 1303 3456 intellegi
1335 3378 1446 3458 potest

278 3484 415 3572 quando
449 3483 590 3548 tandem
624 3482 696 3546 eius
718 3482 873 3547 condicio
899 3483 983 3548 adeo
1007 3484 1045 3548 in
1069 3485 1224 3569 peiorem
1248 3492 1380 3571 partem
1402 3486 1446 3550 sit

276 3619 382 3666 versa.
407 3597 478 3662 Nec
491 3596 620 3660 mirum
631 3595 721 3683 viros
733 3596 946 3682 antiquitatis
958 3597 1187 3682 peritissimos
1201 3598 1403 3680 Mommsen,
1419 3599 1443 3686 Ε)

311 3783 328 3844 ¹)
354 3784 407 3832 Liv.
427 3783 467 3838 Vl,
486 3782 525 3838 39,
545 3781 567 3838 l,
586 3781 608 3829 2.

309 3866 328 3925 ²)
355 3866 391 3914 Cf.
412 3862 524 3926 Schwegl.
544 3863 572 3910 R.
592 3861 619 3910 G.
638 3862 662 3910 Il
683 3879 735 3926 pag.
755 3864 802 3920 34;
822 3864 927 3912 Momms
954 3865 975 3912 R
1004 3864 1032 3912 G.
1051 3864 1074 3911 1⁸
1094 3880 1144 3928 pag.
1164 3866 1211 3917 287
1231 3883 1276 3931 seq.

308 3948 329 4008 ³)
355 3948 408 3996 Liv.
434 3946 468 4002 Il,
496 3946 517 4001 1,
546 3945 592 4001 10;
619 3945 660 4002 IV,
688 3947 727 4002 48,
757 3947 803 4002 15;
840 3947 878 4001 53,
906 3950 938 4004 4;
964 3947 1003 4004 60,
1022 3948 1052 4003 7;
1071 3950 1114 3995 etc.
1138 3949 1173 3996 Cf.
1197 3949 1311 4014 Schwegl.
1329 3951 1357 3999 R.
1375 3952 1403 3999 G.
1421 3951 1447 3999 ΙΙ

275 4047 326 4096 pag.
346 4030 394 4086 20;
413 4029 524 4076 Momms.
543 4027 571 4074 R.
590 4027 618 4074 G.
637 4027 659 4074 1⁸
676 4044 728 4091 pag.
747 4029 803 4085 268,
821 4029 877 4079 287.

308 4115 327 4174 ⁴)
345 4113 398 4161 niv.
415 4112 448 4168 ll,
467 4111 506 4166 21,
524 4110 547 4156 6.

309 4197 327 4257 ⁵)
353 4195 382 4243 lt.
401 4195 429 4242 G.
446 4193 470 4242 1³
486 4207 539 4256 pag.
559 4192 615 4240 269.
