3296 5008
854 509 919 574 220

298 687 423 755 mentis
456 693 554 754 erant
586 687 770 775 praepositi
796 688 966 775 (praefecti
988 688 1225 769 alimentorum,
1246 695 1466 775 procuratores

298 801 549 888 alimentorum).
595 801 750 866 Dubium
784 807 910 882 tamen,
946 823 966 866 a
1000 801 1116 867 Marco
1151 800 1292 867 Aurelio
1330 801 1374 867 ad
1397 801 1469 868 Ma-

299 917 435 983 crinum
458 916 682 982 universaene
705 915 754 981 rei
777 914 1013 981 alimentariae
1038 936 1194 980 summus
1218 915 1360 1002 quidam
1374 936 1470 1002 prae-

298 1029 403 1097 tuerit
422 1030 596 1116 quaefactae
618 1029 852 1109 alimentorum,
877 1028 920 1094 ab
943 1028 1147 1116 imperatore
1171 1035 1305 1094 creatus
1324 1029 1471 1095 Romae·

300 1165 367 1230 que
390 1142 605 1209 domicilium
629 1141 768 1208 habens,
794 1141 821 1227 ¹)

343 1257 462 1323 Restat
495 1262 534 1322 ut
568 1277 774 1343 quaeramus
808 1254 892 1342 quid
926 1255 1143 1341 potissimum
1178 1255 1285 1321 secuti
1308 1256 1468 1322 Caesares

300 1370 449 1438 Romani
484 1369 647 1435 alimenta
680 1368 740 1435 illa
772 1368 984 1434 constituisse
1025 1368 1168 1452 putandi
1203 1369 1282 1436 sint.
1341 1370 1469 1436 Utrum

300 1483 526 1550 humanitatis
559 1482 735 1570 quandam
769 1481 974 1548 suavitatem
1001 1503 1046 1547 an
1080 1481 1265 1548 utilitatem
1288 1504 1472 1570 perseque-

300 1597 453 1663 bantur?
497 1596 682 1674 Romanos,
719 1595 779 1681 qui
813 1595 930 1660 omnia
967 1595 1109 1662 consilia
1142 1596 1300 1682 factaque
1337 1617 1400 1662 sua
1426 1596 1470 1662 ad

300 1709 484 1776 utilitatem
519 1710 609 1776 vitae
643 1709 838 1794 dirigerent,
874 1730 917 1774 ne
952 1709 1017 1775 hae
1047 1709 1188 1796 quidem
1211 1709 1247 1774 in
1271 1731 1307 1776 re
1331 1709 1469 1776 civilem

300 1846 403 1890 usum
425 1823 615 1908 neglexisse
638 1822 831 1889 credideris.
865 1821 967 1900 Quod
988 1844 1069 1889 sane
1092 1844 1113 1888 a
1136 1843 1217 1890 vero
1240 1823 1377 1890 videtur
1399 1844 1469 1889 non

301 1936 494 2004 abhorrere.
545 1936 686 2003 Constat
718 1936 812 2001 enim
839 1935 928 2001 inter
962 1957 1081 2002 omnes
1116 1936 1196 2017 fere,
1234 1937 1293 2023 qui
1328 1937 1370 2003 de
1405 1937 1471 2004 hac

301 2072 402 2117 causa
438 2050 646 2138 scripserunt
680 2049 746 2115 viri
780 2049 881 2130 docti,
905 2049 1127 2136 imperatores
1150 2049 1193 2115 ad
1218 2049 1308 2116 hane
1332 2071 1470 2138 quoque

302 2164 470 2231 rationem
505 2163 706 2248 confugisse,
742 2169 781 2229 ut
803 2162 1035 2228 multitudinis
1057 2163 1294 2230 imminutioni
1318 2184 1471 2230 oecurre-

301 2284 378 2345 rent
411 2284 445 2344 et
467 2277 597 2365 pubem
618 2276 811 2362 legionibus
834 2277 1053 2343 adducerent.
1078 2275 1105 2363 Β)
1151 2277 1308 2344 Secundo
1332 2300 1365 2364 p.
1390 2277 1470 2344 Chr.

301 2413 335 2458 n.
364 2391 498 2458 saeculo
522 2391 658 2478 imperii
681 2391 767 2457 fines
789 2390 941 2457 immane
965 2397 1136 2477 quantum
1158 2398 1257 2458 erant
1280 2392 1470 2480 propagati.

301 2505 393 2585 Quid
417 2506 445 2572 si
468 2505 623 2572 deessent
645 2504 771 2571 milites
794 2505 854 2591 qui
877 2504 962 2570 fines
985 2511 1057 2570 tam
1080 2504 1147 2571 late
1171 2510 1472 2592 patentestueren·

301 2619 389 2685 tur?
433 2619 522 2686 Satis
555 2618 788 2704 significanter
821 2624 911 2685 certe
945 2617 1080 2685 Plinius
1113 2619 1151 2685 in
1185 2619 1419 2706 Panegyrico:
1444 2619 1470 2707 8)

304 2732 453 2814 ,Omnes
486 2738 603 2798 tamen
626 2738 705 2798 ante
728 2754 835 2819 quam
858 2738 890 2799 te
915 2732 1072 2801 viderent
1094 2732 1270 2801 adirentve
1294 2734 1400 2822 recipi
1421 2734 1471 2799 in·

302 2846 370 2913 cidi
403 2846 539 2927 iussisti,
572 2851 612 2912 ut
645 2845 716 2911 iam
750 2845 830 2912 inde
853 2844 897 2911 ab
920 2846 1067 2913 infantia
1087 2852 1267 2934 parentem
1291 2847 1471 2935 publicum

337 3076 358 3137 1)
392 3075 452 3124 Rom
476 3075 578 3124 affirmat
600 3074 736 3123 Hirschfeld
752 3075 791 3136 (V.
809 3075 838 3124 G.
855 3075 867 3123 Ι
885 3092 936 3140 pag.
955 3075 1002 3128 117
1021 3077 1102 3140 seqq),
1119 3076 1235 3126 infitiatur
1251 3077 1387 3127 Mommsen
1408 3078 1435 3141 (l.
1454 3079 1472 3130 l.

302 3176 355 3225 pag.
373 3158 438 3207 1080
455 3158 509 3208 adn.
528 3157 561 3219 3).
595 3157 728 3221 Utrumque
746 3158 772 3206 iu
786 3157 924 3207 universum
940 3160 1044 3208 conferes
1061 3161 1090 3208 de
1106 3159 1282 3224 magistratibus
1298 3160 1325 3209 in
1338 3177 1363 3209 re
1372 3158 1473 3212 elimen-

302 3243 362 3292 tsris
386 3241 503 3306 occupetis
528 3240 643 3301 (Hirschf.
669 3240 686 3289 l.
713 3241 730 3291 l.
757 3257 808 3305 pag.
832 3241 879 3289 114
897 3259 969 3306 seqq,
987 3243 1098 3292 Momms.
1117 3242 1134 3292 l.
1152 3242 1169 3292 l.
1188 3259 1240 3307 pag.
1259 3243 1323 3310 11179
1342 3247 1407 3308 seq).
1443 3245 1471 3295 In

303 3325 500 3390 inscriptionibus
525 3324 638 3372 Romanis
663 3323 747 3373 horum
772 3325 949 3388 magistratuum
972 3326 1038 3374 varia
1054 3325 1152 3374 nomina
1168 3325 1286 3389 leguntur.
1320 3327 1392 3391 Apud
1409 3328 1472 3393 Rug-

303 3409 368 3474 gisro
393 3408 419 3456 in
444 3407 497 3456 Diu.
522 3407 595 3471 epigr.
621 3407 702 3455 inveni
728 3407 799 3456 bueo:
823 3409 963 3472 praefertur
978 3408 1149 3466 alimentorum,
1166 3413 1263 3458 curator
1279 3409 1332 3458 siue
1349 3446 1355 3460 .
1373 3447 1379 3460 .
1398 3449 1403 3459 .
1422 3448 1429 3460 .
1449 3406 1482 3462 et*

304 3491 475 3547 alimentorum,
492 3489 633 3538 subeurator
651 3489 822 3548 alimentorum,
838 3494 981 3554 promrator
999 3491 1171 3549 alimentorum,
1181 3496 1291 3555 quaestor
1300 3492 1472 3550 alimentorum,

304 3579 415 3640 quaestor
447 3573 611 3622 alimentorum
649 3572 765 3632 ansars's,
798 3578 909 3637 quaestor
935 3590 1019 3624 sacrae
1040 3574 1155 3638 pecunius
1180 3575 1351 3634 alimentariae,
1376 3581 1473 3626 curator

301 3657 419 3724 pecuniae
451 3655 623 3712 alimentariae,
643 3657 786 3721 praefectus
810 3657 1028 3719 (alimentorum?),
1052 3663 1162 3723 quaestor
1183 3659 1300 3722 pecuniae
1321 3660 1474 3724 publicaret

304 3740 478 3798 alimentariae,
495 3743 605 3805 quaestor
621 3740 711 3788 aerarii
730 3744 753 3788 et
770 3740 941 3799 alimentorum,
957 3746 1068 3806 quaestor
1084 3742 1120 3792 rei
1130 3742 1241 3806 paucae
1257 3748 1281 3792 et
1299 3743 1473 3808 alimentorum,

305 3825 389 3876 duooir
409 3829 433 3874 et
449 3827 545 3873 murator
561 3822 734 3881 alimentorum,
751 3823 837 3872 duooir
854 3823 1016 3873 alimentorum
1032 3829 1142 3890 quaestor
1158 3829 1473 3891 curatorsaeraepeesnise,

304 3914 370 3958 actor
399 3907 570 3963 alimentorum,
596 3907 681 3956 oilieus
705 3907 735 3955 al
759 3907 888 3965 alimentis,
913 3908 1078 3957 alimentarius
1103 3911 1219 3970 (servus).
1253 3910 1405 3970 (Posteriores
1426 3915 1473 3962 tres

305 3991 405 4041 minoris
424 3990 485 4040 iuris
502 3993 585 4052 erunt.)
620 3989 760 4056 Complures
777 4007 870 4055 quoque
887 3991 989 4040 contulit
1005 3991 1103 4040 Hannon
1120 3992 1148 4041 in
1163 3993 1321 4058 disputatione
1329 3993 1373 4043 illa
1380 3995 1473 4061 saepius

304 4074 353 4124 ism
369 4077 557 4123 commemorata.

338 4157 358 4216 ¹)
392 4155 429 4206 Gt.
447 4156 554 4206 Prooem.
572 4171 623 4221 pag.
642 4157 666 4210 7.
700 4157 756 4207 Alis
773 4157 872 4206 masilia
889 4157 943 4207 ride
959 4173 1027 4222 pagg.
1045 4158 1068 4218 8,
1087 4159 1127 4220 55,
1144 4160 1184 4210 98.

337 4239 357 4306 ²)
391 4238 449 4308 Cep.
467 4238 499 4288 26
516 4255 580 4304 seqq.
615 4238 652 4289 ct.
669 4239 741 4289 etism
758 4239 815 4306 Cap.
834 4241 874 4291 51.
