3226 4998
719 494 759 558 51

149 671 244 736 Bona
267 678 364 736 erant
387 693 492 756 regna
516 657 717 758 Vespasiani
741 677 774 736 et
801 672 878 752 Titi,
893 671 1034 737 laetiora
1047 679 1164 737 tamen
1173 669 1321 749 Traiani,

150 785 329 865 Hadriani,
354 784 620 864 Antoninorum,
647 805 795 871 quorum
807 785 983 849 saeculum
995 784 1112 850 multis
1125 782 1322 849 nominibus

149 897 188 962 in
221 897 423 964 felicissimis
457 898 540 984 poni
573 897 660 978 licet,
687 919 773 984 quae
797 919 954 984 unquam
978 897 1125 984 populus
1147 897 1324 962 Romanus

152 1011 284 1077 viderit.
320 1012 398 1076 Non
427 1011 538 1076 solum
561 1011 671 1076 Roma
696 1011 777 1076 urbs
801 1032 936 1076 summa
959 1011 1206 1097 tranquillitate
1232 1007 1324 1095 pacis

153 1131 255 1210 atque
291 1124 350 1189 otii
385 1124 570 1204 fruebatur,
595 1132 633 1188 ut
656 1131 706 1189 est
729 1125 821 1210 apud
844 1124 998 1188 Plinium
1012 1123 1037 1210 ¹)
1064 1125 1120 1204 „in
1144 1124 1208 1188 hoc
1231 1121 1325 1186 urbis

155 1238 222 1303 otio
257 1244 290 1302 et
317 1237 440 1302 intimo
464 1238 541 1302 sinu
564 1239 687 1324 pacis,'’
713 1238 771 1302 sed
794 1237 861 1330 illis
884 1237 1107 1322 regnantibus
1131 1237 1264 1322 saepius
1287 1235 1325 1300 in
1413 1271 1415 1274 ·

155 1351 235 1436 ipsis
258 1351 394 1436 imperii
417 1351 576 1416 confiniis
599 1373 659 1436 per
683 1351 808 1417 multos
832 1372 940 1416 annos
951 1373 1021 1437 pax
1033 1372 1103 1416 non
1116 1357 1166 1416 est
1178 1349 1325 1414 turbata.

155 1465 347 1549 Negotiatio
372 1472 600 1550 quaestusque
618 1464 704 1529 bene
717 1464 883 1530 cedebant
896 1487 902 1545 ;
928 1465 1029 1529 multi
1042 1464 1163 1551 opibus
1176 1470 1209 1530 et
1221 1463 1327 1549 copiis

156 1578 339 1658 florebant;
366 1579 567 1662 magnificae
592 1585 625 1643 et
647 1578 854 1644 lautissimae
879 1579 1009 1659 domus,
1035 1600 1198 1644 amoenae
1223 1577 1324 1645 villae

156 1692 442 1772 aedificabantur;
479 1699 566 1756 artes
601 1698 633 1757 et
668 1692 867 1778 disciplinae
901 1692 1051 1757 multum
1075 1692 1283 1758 colebantur.
1298 1689 1324 1777 ⁹)

156 1805 206 1870 Ac
229 1812 346 1870 tamen
369 1805 478 1870 multa
501 1812 599 1870 erant
622 1827 708 1892 quae
737 1806 774 1869 in
796 1806 869 1892 ipso
893 1805 942 1870 rei
966 1805 1122 1891 publicae
1147 1805 1326 1892 splendore

157 1920 387 2006 propinquam
404 1919 542 1983 ruinam
555 1919 806 1984 denuntiarent,
832 1918 948 2004 Opum
960 1920 1214 2012 incrementum
1226 1919 1328 1985 vehe-

64 2059 65 2062 ¹
157 2040 289 2098 menter
323 2033 487 2118 pertinuit
510 2032 554 2096 ad
582 2054 692 2097 mores
715 2033 967 2118 pervertendos.
993 2033 1106 2110 Quare
1130 2032 1325 2099 Iuvenalis:

163 2147 282 2225 „Nunc
319 2147 469 2232 patimur
499 2145 621 2230 longae
650 2127 742 2231 pacis
766 2146 865 2226 mala,
891 2147 1023 2211 saevior
1048 2145 1152 2211 armis
1175 2146 1330 2211 Luxuria

160 2259 317 2324 incubuit
331 2260 536 2345 'victumque
564 2259 739 2324 ulciscitur
766 2259 911 2325 orbem(
933 2257 1079 2324 Nullum
1091 2259 1221 2324 crimen
1236 2259 1333 2324 abest

161 2373 359 2459 facinusque
394 2373 554 2454 libidinis,
592 2394 635 2437 ex
670 2394 737 2459 quo
765 2373 953 2458 Paupertas
976 2373 1134 2438 Romana
1158 2373 1277 2458 perit.''
1303 2371 1332 2460 8)

164 2482 356 2566 „Luxuriae
391 2487 485 2552 enim
507 2487 622 2550 -ita
653 2487 772 2552 Livius
795 2487 821 2574 4)
844 2525 888 2535 -
922 2487 1120 2572 peregrinae
1157 2486 1251 2570 origo
1289 2486 1332 2552 ab

161 2601 312 2666 exercitu
341 2601 489 2666 Asiatico
514 2601 649 2665 invecta
672 2600 709 2663 in
732 2599 854 2665 urbem
878 2607 928 2665 est
952 2651 1125 2665 ......
1140 2601 1201 2666 vix
1214 2607 1331 2665 tamen

161 2715 228 2794 illa,
255 2735 341 2800 quae
370 2720 445 2778 tum
469 2713 774 2799 conspiciebantur,
800 2715 930 2779 semina
954 2720 1051 2778 erant
1075 2715 1208 2779 futurae
1232 2713 1332 2798 luxu-

162 2829 263 2894 riae.”
291 2827 314 2913 5)
334 2827 422 2893 Cum
446 2833 546 2892 antea
569 2828 618 2892 eri
641 2849 684 2892 ex
708 2849 817 2914 aequo
842 2829 997 2894 viverent
1011 2849 1091 2892 cum
1104 2828 1210 2894 servis
1223 2828 1291 2892 suis
1307 2827 1333 2915 6)

199 3049 215 3110 ¹)
233 3050 319 3113 Paneg.
339 3050 377 3098 56.
570 3095 572 3098 .

198 3133 216 3192 ²)
243 3133 279 3181 Cf.
306 3133 417 3181 Momms.
436 3133 464 3180 R.
483 3132 511 3180 G.
531 3131 560 3177 V³
579 3147 630 3195 pag.
649 3135 664 3178 4
681 3149 744 3196 seq:
767 3131 847 3182 „Noch
864 3132 934 3180 haute
951 3132 1016 3196 giebt
1034 3149 1058 3180 cs
1073 3133 1176 3194 manche
1193 3133 1335 3182 Laudschaft

165 3217 205 3264 des
222 3216 317 3264 Oriente
334 3217 378 3264 wie
395 3217 435 3264 des
453 3215 585 3272 Occidente,
603 3218 642 3263 fiir
659 3215 746 3263 welche
763 3216 801 3264 die
819 3215 948 3263 Kaiserzeit
965 3216 1015 3278 den
1028 3232 1057 3263 an
1076 3215 1126 3263 sich
1141 3216 1194 3264 sehr
1203 3215 1335 3265 bescheide-

165 3315 219 3356 nen,
254 3299 309 3348 aber
342 3300 401 3347 doch
437 3299 521 3346 vorher
546 3299 591 3346 wie
617 3299 719 3346 nachher
738 3299 778 3346 uie
803 3298 937 3346 erreiclrteu
966 3298 1113 3362 Hdhcpunkt
1138 3299 1179 3346 des
1201 3301 1273 3362 guten
1290 3299 1335 3347 Re-

165 3383 267 3445 giments
292 3382 442 3438 bezeichnet;
468 3382 517 3429 und
540 3398 608 3429 uena
626 3381 714 3429 einmal
731 3383 770 3428 ein
788 3380 864 3444 Engel
882 3381 921 3428 des
939 3381 1019 3428 Herrn
1038 3381 1076 3428 die
1094 3381 1178 3428 Bilauz
1195 3382 1345 3430 aufmachen-

166 3464 241 3520 sollte,
268 3465 297 3512 ob
323 3466 364 3513 das
389 3481 436 3513 ven
463 3465 562 3512 Severus
588 3465 723 3512 Antoninus
749 3464 897 3512 beherrschte
914 3464 998 3512 Gebiet
1023 3463 1187 3512 damalsoder
1203 3465 1273 3512 lreute
1290 3466 1337 3513 mit

165 3551 292 3610 griisserem
318 3548 446 3596 Verstarde
472 3549 521 3596 und
538 3548 583 3596 mit
600 3552 716 3610 griisserer
733 3547 876 3596 Humanitiit
894 3548 978 3611 regiert
995 3548 1090 3595 worden
1107 3547 1146 3603 ist,
1164 3546 1193 3594 oh
1212 3547 1338 3611 Gesittung*

166 3631 214 3678 und
231 3631 390 3694 lelrergliick
407 3632 441 3679 im
458 3631 622 3695 Allgemeinen
639 3632 736 3680 scitdem
754 3635 866 3679 vorwans
883 3632 938 3679 oder
954 3630 1159 3694 zuriiokgegcugen
1185 3631 1246 3686 sind,
1264 3647 1289 3678 so
1307 3631 1338 3678 ist

167 3730 191 3761 es
215 3714 269 3762 sehr
294 3708 442 3771 zweilelhaft,
468 3714 497 3761 ob
523 3715 564 3762 der
590 3715 682 3778 Spruch
708 3731 735 3762 zu
761 3715 868 3762 Gunsten
886 3715 926 3762 der
943 3715 1082 3776 Gegeuuart
1098 3712 1216 3761 ausfallen
1233 3713 1338 3762 wiirde.”

169 3797 205 3845 Cf.
223 3797 295 3852 etiam
312 3799 420 3854 errudem,
439 3797 483 3844 Die
501 3801 559 3845 rdm.
578 3797 687 3854 Schweiz,
706 3813 757 3861 pag.
776 3798 808 3844 24
827 3817 832 3844 ε
851 3797 926 3861 „Dese
943 3797 981 3844 die
998 3795 1114 3844 rb'mische
1132 3796 1262 3844 Kaisarzeit
1271 3797 1339 3844 mehr

167 3880 304 3942 geschmtilrt
320 3879 356 3928 als
372 3880 475 3944 geranni
492 3881 546 3930 ist.''

203 3962 225 4022 3)
243 3963 298 4011 Iuv.
317 3963 359 4020 Vl,
378 3963 426 4012 292
444 3979 507 4027 seqq.
526 3963 589 4011 Haec
607 3967 685 4012 satura
701 3964 765 4011 edita
780 3967 815 4011 est
832 3979 893 4010 anuo
912 3963 959 4010 116
978 3961 1016 4010 vel
1035 3962 1081 4014 117
1101 3978 1123 4025 p.
1143 3962 1199 4010 Chr.
1218 3979 1242 4011 n.

203 4046 223 4106 ⁴)
240 4045 292 4094 Liv.
311 4045 418 4104 XXXIX,
437 4046 460 4104 6,
479 4046 551 4098 7-9.

208 4130 227 4189 ⁶)
247 4130 383 4178 Secundum
401 4129 542 4178 Sallustium
560 4130 619 4190 (Cat.
639 4131 653 4177 9
672 4134 744 4193 seqq.)
762 4129 884 4192 aliquanto
902 4132 954 4192 post
971 4129 1067 4176 luxuria
1084 4128 1203 4191 pullulare
1220 4130 1304 4192 coepit.

203 4220 225 4282 ⁶)
244 4219 309 4270 Plut
333 4223 401 4289 (Cato
418 4219 494 4267 maior
512 4220 534 4275 3,
554 4219 578 4279 2)
596 4220 623 4266 de
642 4219 744 4267 Catone:
766 4211 819 4280 „dlv
839 4208 894 4287 μὲν
914 4200 931 4297 ᾐ
951 4211 1073 4290 χειμὼν,
1095 4209 1223 4291 ἐξωμίδα
1235 4212 1349 4286 λαβὼν,

1221 4319 1262 4382 4*
