3274 4998
824 433 889 500 190

267 613 452 698 ταρέσχεν.”
490 611 514 699 ¹)
561 611 615 678 Ad
650 611 817 679 Dacicum
850 611 1068 699 triumphum
1096 611 1122 698 ⁹)
1146 611 1363 678 referendum
1387 615 1441 678 est

267 726 333 793 Dio
367 727 511 809 LXVII,
544 728 585 793 8:
624 727 722 805 νμετὰ
744 723 775 788 δὲ
799 728 895 788 ταῦτα
919 727 1022 803 ἑορτάς
1045 750 1125 797 τινας
1148 731 1324 804 νινητηρίους
1346 727 1440 792 δῆθεν

268 838 409 902 ἐπιτελῶν
427 842 546 920 ἀγῶνας
571 839 697 925 συχνοὺς
720 839 846 912 ἐποίησε.
870 850 958 906 τοῦτο
981 837 1121 918 μὲνγὰρ
1146 838 1174 900 ἓν
1197 847 1239 918 τῷ
1263 841 1438 918 ἱπποδρόμῳ

267 956 375 1037 μάχας
407 955 455 1018 καὶ
489 958 586 1034 πεζῶν
620 952 693 1030 πρὸς
729 954 877 1026 ἀλλήλους
907 954 955 1016 ναὶ
977 953 1087 1013 ἱππέων
1109 940 1145 1014 αὖ
1167 950 1324 1034 συνέβαλε,
1349 961 1438 1013 τοῦτο

268 1065 299 1128 δέ
332 1068 380 1130 ναὶ
414 1065 442 1126 ἐν
472 1079 559 1150 καινῷ
582 1067 636 1128 τινὶ
659 1071 755 1150 χωρίῳ
779 1072 946 1149 ναυμαχίαν
970 1065 1138 1127 ἐπετέλεσε.
1162 1067 1211 1128 καὶ
1233 1067 1384 1126 ἀπέθανον
1410 1064 1440 1126 ἓν

267 1180 340 1268 αὐτῇ
363 1182 475 1251 πάντες
497 1177 552 1258 μὲν
575 1180 676 1258 ὀλίγον
699 1181 756 1241 δεῖν
779 1185 803 1240 οἱ
825 1185 1084 1263 ναυμαχήσαντες,
1104 1180 1206 1262 συχνοὶ
1230 1176 1261 1240 δὲ
1274 1181 1322 1242 καὶ
1334 1177 1367 1242 ἓν
1379 1187 1439 1239 τῶν

267 1292 456 1372 &captacul'
481 1292 644 1380 Sequitur
667 1313 769 1358 causa
792 1313 912 1358 eorum
929 1292 1067 1373 mortis;
1083 1292 1205 1358 deinde
1218 1291 1351 1377 pergit:
1377 1291 1436 1375 ,ἐφ’

268 1400 290 1486 ᾧ
313 1429 369 1468 που
391 1409 662 1485 παραμυθούμενος
684 1405 788 1478 αὐτοὺς
810 1408 923 1468 δεῖπνόν
946 1429 1027 1489 σφισι
1049 1408 1177 1488 δημοσίᾳ
1200 1406 1247 1467 διὰ
1270 1409 1370 1479 πάσης
1385 1417 1440 1476 τῆς

268 1518 372 1591 νυκτὸς
406 1519 576 1604 rapta->pest
623 1519 679 1585 Ad
714 1519 803 1585 hanc
838 1540 959 1585 cenam
995 1518 1064 1585 sola
1093 1518 1188 1605 plebs
1223 1524 1344 1584 vocata
1378 1525 1439 1584 est.

269 1631 396 1718 Incipit
419 1633 513 1698 enim
537 1634 618 1720 Cap.
642 1635 684 1700 9:
720 1633 772 1710 „ri
795 1631 850 1712 μὲν
873 1621 919 1696 οὖν
943 1640 1063 1705 πλῆθος
1087 1633 1440 1713 οὕτωςτὸτεέδείπνεσεν,

269 1734 355 1818 αὖθις
387 1744 418 1808 δὲ
452 1745 520 1818 τοὺς
553 1749 686 1824 πρώτους
719 1758 773 1818 τῆς
808 1754 963 1826 γερουσίας
987 1749 1035 1811 καὶ
1060 1755 1119 1807 τῶν
1143 1748 1253 1809 ἱππέων
1279 1749 1364 1808 τόνδε
1388 1745 1440 1807 τὸν

270 1863 379 1937 τρόπον
402 1880 430 1925 e.
456 1880 488 1946 q.
512 1859 559 1926 s.’'
607 1860 686 1926 Non
708 1860 757 1926 ita
780 1861 822 1926 ad
847 1859 989 1947 epulum
1002 1860 1084 1925 anni
1097 1861 1139 1926 93
1159 1858 1185 1947 8)
1198 1865 1274 1946 post
1285 1858 1440 1925 lauream

270 1971 312 2037 de
336 1971 499 2039 Sarmatis
522 1973 714 2060 Capitolino
737 1973 812 2040 Iovi
827 1973 978 2055 relatam,
995 1973 1021 2061 ⁴)
1038 1973 1129 2060 quod
1142 1973 1179 2038 in
1191 1973 1284 2039 hunc
1297 1972 1441 2039 modum

273 2085 425 2153 carmine
449 2085 598 2153 celebrat
621 2086 809 2154 Martialis:
834 2089 858 2172 Β)
960 2129 963 2134 -

320 2198 477 2281 ,Quanta
500 2199 660 2285 Gigantei
684 2207 895 2266 memoratur
917 2221 1036 2267 mensa
1060 2199 1228 2287 triumphi

361 2313 567 2400 Quantaque
591 2335 661 2380 nox
685 2315 815 2402 superis
839 2313 999 2381 omnibus
1021 2313 1081 2380 illa
1103 2314 1177 2395 luit,
1269 2362 1272 2368 -

318 2425 395 2505 Qua
417 2425 527 2493 bonus
550 2427 710 2515 accubuit
733 2429 868 2513 genitor
891 2449 971 2494 cum
995 2426 1092 2514 plebe
1117 2427 1259 2494 deorum

362 2539 407 2604 Et
430 2538 527 2606 licuit
549 2540 678 2607 Faunis
700 2563 837 2628 poscere
867 2541 950 2609 vina
972 2541 1112 2608 Iovem:

318 2652 429 2719 Tanta
451 2658 527 2720 tuas
548 2653 730 2732 celebrant,
755 2655 887 2736 Caesar,
912 2655 1071 2722 convivia
1093 2653 1210 2720 laurus
1222 2675 1229 2734 ;

362 2766 568 2834 Exhilarant
590 2769 680 2856 ipsos
704 2769 830 2854 gaudia
854 2774 968 2835 nostra
993 2769 1082 2835 deos.

273 2909 467 2923 -—-.-—.

307 2996 327 3055 l)
361 2993 407 3044 Dio
436 2994 500 3044 Casa.
526 2995 622 3055 LXVII,
647 2999 671 3053 4,
698 2999 720 3046 4,
757 2998 808 3045 Ηοο
830 2997 928 3062 epulum
946 2997 1017 3060 vulgo
1035 2996 1137 3046 incidere
1159 2999 1242 3060 putant
1259 2996 1285 3044 in
1302 3012 1392 3044 anuum
1411 2996 1443 3044 83

272 3075 311 3126 vel
329 3077 368 3136 84,
386 3094 441 3126 cum
459 3079 487 3127 de
503 3077 596 3129 clauis
613 3079 775 3144 triumphabat
792 3080 951 3129 Domitianus.
986 3080 1021 3128 De
1038 3084 1140 3144 tempore
1157 3079 1229 3128 huius
1246 3079 1305 3127 belli
1323 3081 1353 3128 cI.
1366 3081 1441 3135 Peter,

272 3159 356 3209 Geach.
379 3161 451 3210 Roma
469 3162 519 3210 111⁴
536 3179 587 3227 pag.
606 3163 653 3214 475
672 3179 727 3211 cum
744 3163 799 3212 adn.
818 3163 839 3212 l.
864 3163 948 3211 Nescio
958 3167 1035 3211 tamen
1045 3179 1075 3210 an
1086 3167 1145 3211 recte
1154 3162 1260 3210 Vollmer
1268 3163 1306 3224 (εδ
1315 3163 1371 3210 sut.
1382 3162 1443 3211 silv.

273 3242 293 3300 I,
311 3243 334 3301 6,
350 3259 402 3308 pag.
421 3245 494 3307 303):
514 3245 684 3310 „Gewbhnlich
701 3249 759 3295 aetat
774 3261 829 3294 man
847 3246 910 3295 disse
926 3246 1044 3312 Speisuug
1062 3245 1215 3294 unmittelbar
1231 3245 1291 3294 uach
1308 3246 1362 3295 dem
1371 3245 1444 3294 Chet-

272 3325 379 3389 teulrrieg
397 3327 436 3386 88,
454 3327 508 3376 aber
522 3328 562 3376 das
580 3328 672 3392 (Iapilel
690 3329 729 3378 des
746 3329 888 3393 Xiphilmus
905 3329 972 3378 stellt
988 3345 1034 3378 nur
1051 3329 1216 3378 verschiedene
1225 3315 1394 3393 bnaaerungen
1403 3329 1444 3378 der

272 3406 351 3467 ἄνοια
369 3409 409 3458 dea
424 3411 519 3459 Kaiaers
536 3427 672 3460 zusammen
689 3413 750 3463 ohne
767 3412 897 3461 Ilbckaicht
912 3413 955 3461 auf
970 3412 1008 3460 die
1025 3412 1082 3472 Zeit,
1100 3429 1118 3461 s.
1136 3411 1228 3477 Ilialtg.
1246 3412 1269 3462 S.
1287 3413 1327 3461 45.
1345 3411 1381 3475 ,.”

306 3503 324 3564 2)
360 3503 395 3551 De
411 3501 482 3550 Dacis
500 3501 653 3551 Domitianus
670 3503 828 3566 triumphavit
845 3519 907 3552 anno
925 3503 957 3552 90
978 3519 1057 3552 meuse
1074 3504 1194 3553 Ianuario.
1212 3503 1248 3552 (ll.
1260 3503 1353 3552 Peterl.
1363 3503 1380 3554 l.
1390 3519 1442 3569 pag.

272 3586 319 3635 481
338 3585 393 3635 adn.
411 3584 442 3641 23
463 3583 599 3648 Hertzbag,
618 3585 702 3634 Gesch.
720 3586 743 3635 d.
761 3589 819 3634 rb'm
842 3585 1020 3644 Kaiserrciches,
1038 3602 1090 3650 pag.
1110 3586 1166 3636 324.

304 3669 325 3729 8)
358 3667 445 3717 Friedl.
464 3668 493 3716 ad
510 3667 581 3716 Mart.
599 3667 666 3726 VIII,
685 3670 731 3718 50:
751 3668 933 3734 ,Vermuthlicb
950 3669 1011 3718 noch
1028 3669 1062 3718 im
1081 3669 1170 3718 Ianuar
1187 3669 1244 3720 933¹

305 3754 325 3815 ⁴)
359 3753 418 3802 Vide
435 3753 498 3802 Suet.
516 3751 585 3801 Dum.
606 3753 628 3802 6.
664 3753 699 3802 De
716 3753 827 3802 Sarmatis
845 3754 917 3817 igitur
934 3754 1027 3818 proprie
1044 3770 1092 3802 non
1111 3753 1268 3818 triumphavit
1277 3755 1442 3812 Domitianue;

272 3840 295 3886 at
311 3837 367 3901 quia
384 3836 481 3885 violaria
498 3839 614 3900 reportata
631 3840 654 3884 et
670 3852 754 3896 magna
770 3853 856 3902 pompa
875 3837 957 3885 urbem
975 3837 1094 3900 Ingressus
1111 3843 1147 3885 est
1163 3841 1186 3886 et
1203 3837 1443 3902 „hosquoqueaecre-

271 3923 307 3968 tos
333 3919 471 3968 memoravit
495 3919 570 3968 Rama
594 3919 745 3984 triumphos''
777 3919 857 3981 (Mart.
883 3920 950 3976 VIII,
970 3920 1009 3978 15,
1028 3921 1052 3980 5)
1069 3924 1091 3968 et
1113 3936 1193 3968 arrum
1212 3921 1341 3969 maximum
1358 3922 1443 3970 trium·

271 4000 366 4065 phalem
391 3999 437 4048 eibi
462 4001 519 4065 puni
544 4001 614 4050 iussit
639 4029 671 4039 -
697 4018 767 4066 quem
785 4006 874 4066 praeter
892 4001 939 4050 alia
955 4002 1023 4050 illiue
1040 4017 1110 4066 opera
1127 4003 1190 4052 idem
1208 4003 1326 4053 Martialis
1344 4003 1444 4053 celebrat

272 4083 348 4148 (VIII,
367 4083 408 4143 65)
423 4110 455 4119 —
472 4098 553 4132 canam
571 4083 639 4134 illam
658 4083 823 4150 triumphalem
840 4084 958 4150 appellare
975 4085 1083 4149 equidem
1101 4102 1149 4134 nou
1166 4085 1256 4136 dubito.

308 4166 327 4228 ὅ)
361 4165 432 4216 Mart.
449 4165 516 4226 VIII,
535 4167 573 4217 50.
