3226 4998
752 447 794 514 73

581 627 754 707 „Libertas
776 627 936 714 pauperis
958 628 1042 692 haec
1066 633 1135 692 est:

282 741 439 806 Pulsatus
462 747 559 825 rogat
583 746 616 806 et
636 741 761 826 pugnis
784 741 938 806 concisus
961 741 1088 821 adorat,

281 855 330 921 Ut
351 854 452 920 liceat
474 854 592 940 paucis
615 875 695 919 cum
715 854 874 920 dentibus
896 855 977 928 inde
1000 854 1156 920 reverti.'’
1183 851 1207 940 ¹)

109 1019 111 1022 .
186 968 302 1033 Immo
329 990 372 1033 ne
396 967 519 1034 clausis
544 967 686 1054 quidem
709 967 867 1034 domibus
889 967 1121 1054 obseratisque
1134 967 1284 1032 tabernis
1298 967 1361 1030 mi-

191 1082 259 1146 seri
281 1087 419 1166 egentes
442 1081 508 1147 tuti
533 1087 649 1146 erant:

287 1195 376 1274 ;,Neo
399 1201 516 1260 tamen
539 1195 623 1260 haec
646 1199 783 1260 tantum
806 1200 947 1260 metuas,
972 1216 1054 1259 nam
1078 1194 1138 1281 qui
1161 1193 1282 1280 spoliet
1304 1200 1337 1259 te

283 1308 362 1373 Non
385 1307 480 1388 derit,
511 1307 633 1373 clausis
657 1307 814 1372 domibus
837 1314 1020 1394 postquam
1043 1309 1153 1372 omnis
1176 1307 1304 1393 ubique

283 1421 370 1486 Fixa
393 1427 566 1486 catenatae
591 1421 684 1486 siluit
706 1442 872 1506 compago
895 1421 1066 1488 tabernae.

282 1535 462 1600 interdum
490 1540 523 1599 et
546 1535 634 1599 ferro
658 1533 789 1599 subitus
811 1541 979 1619 grassator
1002 1535 1073 1619 agit
1098 1555 1172 1599 rem
1182 1555 1210 1598 e.
1225 1555 1256 1620 q.
1270 1534 1316 1598 s.''
1336 1532 1362 1620 ⁹)

192 1648 239 1712 Et
269 1647 297 1712 si
330 1647 415 1714 forte
439 1647 590 1712 infelices
607 1669 705 1712 suam
720 1654 959 1734 paupertatem
982 1669 1121 1713 ornnem
1144 1646 1363 1733 perdiderant

192 1761 362 1842 incendio,

877 1874 1047 1954 „Ultimus
1071 1879 1187 1940 autem

283 1987 479 2052 Aerumnae
504 1994 554 2052 est
577 1987 745 2068 cumulus,
771 1989 863 2074 quod
875 1989 1010 2054 nudum
1022 1994 1055 2053 et
1066 1989 1172 2052 frusta
1184 1993 1364 2072 rogantem

263 2101 392 2193 *Nemo
416 2100 501 2182 cibe,
526 2123 628 2166 nemo
651 2101 798 2188 hospitio
821 2107 978 2188 tectoque
1000 2100 1165 2168 iuvabit.''
1190 2099 1216 2188 ³)

194 2215 260 2279 His
283 2213 443 2280 omnibus
466 2222 657 2280 commotus
679 2214 854 2282 luvenalis
877 2215 957 2280 satis
980 2236 1115 2280 amare:

878 2329 1046 2413 „Agmine
1070 2328 1158 2392 sacto

281 2440 481 2506 Debuerant
504 2441 587 2510 olim
610 2448 729 2508 tenues
753 2443 914 2526 migrasse
938 2441 1118 2520 Quirites.''
1144 2439 1170 2527 ⁴)

237 2547 288 2611 De
327 2547 507 2626 „tenuibus
530 2547 742 2626 Quiritibus'
768 2548 958 2632 generatim
982 2547 1052 2632 agit
1075 2545 1258 2613 Iuvenalis.
1288 2546 1364 2609 Iam

193 2680 274 2724 vero
308 2660 475 2724 Martialis
505 2661 571 2726 loci
595 2683 679 2747 quos
694 2661 742 2724 'in
766 2668 880 2726 mente
904 2661 1083 2741 habebam,
1109 2681 1189 2725 cum
1213 2659 1364 2724 maxime

193 2773 431 2867 pertinentad
454 2795 510 2839 eos
533 2774 592 2861 qui
622 2775 666 2838 ad
689 2781 886 2839 extremum
911 2775 1045 2860 inopiae
1059 2772 1365 2840 venissentuitam·

195 2907 261 2971 que
285 2887 512 2952 mendicando
531 2887 674 2952 tolerare
699 2889 807 2952 coacti
830 2895 949 2953 essent.

239 3001 355 3085 Epigr.
390 3001 470 3081 XII,
507 3003 549 3065 32
583 3002 716 3085 egregie
752 3001 906 3086 depingit
935 3000 1165 3064 miserandam
1188 3000 1364 3064 cuiusdam

197 3113 261 3178 viri
295 3121 430 3194 sortem,
462 3114 518 3178 cui
541 3136 603 3199 pro
626 3113 847 3179 habitationis
870 3114 1024 3179 mercede
1048 3119 1137 3178 retro
1161 3112 1275 3177 debita
1298 3133 1366 3176 me-

194 3225 315 3291 liorem
349 3226 567 3312 supellectilis
602 3233 735 3312 partem
758 3227 886 3292 locator
909 3227 1034 3312 pignus
1057 3225 1251 3290 abstulerat.
1298 3225 1365 3289 Res

195 3360 272 3403 suas
306 3320 423 3404 tollere
456 3346 489 3404 et
512 3339 620 3405 alium
642 3340 757 3406 locum
781 3330 942 3427 quaerere
962 3340 1080 3419 iussus,
1107 3339 1209 3403 miser
1230 3337 1287 3402 ille
1311 3338 1364 3403 vir

194 3451 304 3517 tribus
338 3451 540 3518 mulieribus
574 3453 754 3518 comitatus
789 3453 955 3518 Kalendis
978 3451 1074 3516 Iuliis
1099 3452 1123 3537 ⁵)
1147 3452 1362 3516 fortunarum

192 3652 385 3662 —-——--.

269 3927 330 3976 lbid.
348 3944 383 3976 vs.
403 3928 450 3976 209
470 3944 533 3991 seqq.

236 4013 244 4069 )
271 4010 516 4074 lbid.vs.162seq.

227 4093 244 4151 ⁵)
271 4093 304 4140 llt
329 4095 391 4156 apud
416 4110 459 4141 nos
485 4094 599 4141 Kalendis
626 4093 695 4150 Mais,
722 4093 755 4140 ita
778 4093 864 4140 Romae
882 4092 995 4140 Kalendis
1013 4092 1083 4140 Iuliis
1101 4110 1113 4140 c
1129 4093 1250 4141 conductis
1267 4091 1363 4140 aedibus

190 4175 341 4238 migrabatur.
