3226 4998
812 456 854 520 86

244 657 305 723 per
326 641 435 702 totam
457 637 595 704 Italiam
618 636 805 723 imperium
828 653 930 699 suum
951 637 1163 719 propagaret,
1189 637 1349 697 senatum
1365 651 1418 696 oc-

241 750 413 816 casionem
444 752 594 838 arripere
617 772 688 817 non
711 748 892 814 haesitasse
916 745 1066 812 colonias
1090 744 1283 810 deducendi
1305 745 1343 809 in
1366 766 1418 809 re·

239 864 358 949 giones
379 863 498 929 Italiae
536 886 645 950 nuper
674 861 838 941 subactae,
862 858 923 924 ubi
945 859 1043 944 copia
1066 865 1138 923 erat
1161 879 1252 924 nova
1275 856 1415 944 praedia

244 976 456 1042 aedificandi.
483 975 508 1063 ι)
543 977 639 1042 Licet·
672 975 778 1060 igitur
812 972 931 1057 negari
963 993 1035 1038 non
1069 972 1182 1057 possit,
1207 977 1246 1035 ut
1268 971 1418 1054 agrarias

243 1089 345 1174 leges,
380 1090 428 1154 ita
463 1089 614 1156 colonias
647 1109 719 1154 non
754 1107 891 1175 prorsus
915 1085 1100 1150 disiunctas
1122 1085 1224 1150 luisse
1248 1105 1268 1148 a
1290 1105 1418 1170 paupe·

244 1224 323 1267 rum
357 1223 448 1284 cura,
484 1203 592 1268 immo
628 1201 689 1288 qui
711 1201 748 1264 in
771 1199 922 1264 colonias
946 1198 1036 1262 irent
1059 1197 1221 1276 veterani,
1246 1185 1317 1261 non
1339 1217 1416 1261 raro

245 1337 303 1401 spe
339 1315 429 1382 vitae
464 1315 598 1380 facilius
620 1312 861 1379 sustentandae
886 1311 1100 1390 ducerentur,
1125 1316 1241 1375 tamen
1264 1309 1416 1375 coloniae

226 1427 289 1504 ¹ob
322 1428 358 1493 id
388 1428 503 1514 ipsum
536 1428 755 1515 potissimum
785 1425 908 1492 deduci
931 1422 1093 1503 solebant,
1118 1429 1157 1487 ut
1179 1429 1269 1488 terra
1291 1421 1334 1487 ab
1358 1423 1417 1487 ho-

199 1615 201 1618 ,
246 1541 353 1606 stibus
375 1547 475 1627 capta
497 1541 700 1606 muniretur.
726 1538 752 1625 ³)
787 1539 855 1603 Suo
879 1538 951 1604 iure
969 1537 1080 1622 igitur
1102 1535 1245 1620 Madvig
1261 1535 1417 1603 11111111-

247 1659 305 1734 tat,
329 1654 389 1740 qui
412 1653 531 1740 populi
548 1655 679 1740 faecem,
703 1658 742 1716 ut
765 1673 809 1716 ex
831 1649 915 1715 urbe
939 1649 1187 1730 exhauriretur,
1211 1649 1248 1713 in
1268 1648 1418 1714 colonias

246 1767 323 1832 illas
357 1767 496 1832 missam
530 1767 631 1831 fuisse
666 1764 884 1830 contendant.
908 1762 934 1850 3)
968 1763 1039 1827 Nec
1074 1755 1417 1848 praetermittendum

248 1880 336 1944 mihi
369 1880 506 1946 videtur
540 1886 618 1944 ante
654 1878 806 1943 Marium
839 1877 969 1942 faecem
995 1875 1114 1961 populi
1135 1865 1258 1939 militia
1280 1895 1416 1940 vacasse

248 1992 393 2078 ideoque
420 1993 579 2079 antiquos
602 1998 781 2059 veteranos
803 2013 847 2056 ex
869 1989 929 2054 illa
951 1990 1043 2054 faece
1066 1988 1209 2053 iudicari
1222 2009 1292 2052 non
1304 1987 1415 2052 licere.

471 2146 499 2212 b.
535 2147 586 2212 De
611 2145 774 2212 Gracchis
796 2165 903 2230 usque
927 2143 971 2208 ad
994 2142 1200 2228 Augustum.
1284 2195 1288 2200 .

293 2299 520 2365 Patriciorum
549 2305 584 2364 et
606 2299 820 2386 plebeiorum
843 2298 1018 2364 discordiis
1040 2295 1235 2382 compositis
1261 2295 1417 2360 omnium

250 2412 391 2497 quidem
413 2412 467 2476 ius
488 2412 526 2476 in
543 2434 666 2497 agrum
689 2411 869 2498 publicum
880 2417 1037 2476 sanctum
1049 2416 1136 2489 erat;
1158 2429 1193 2474 re
1205 2415 1322 2474 tamen
1333 2414 1416 2473 tem·

252 2547 333 2610 pore
357 2524 560 2610 procedente
583 2526 786 2592 universum
808 2525 877 2590 fere
901 2545 1024 2608 agrurn
1036 2523 1164 2588 Italum
1175 2521 1277 2608 pauci
1288 2520 1419 2586 nobiles

254 2637 464 2703 obtinebant.
490 2637 635 2704 Crebrae
661 2639 801 2724 quidem
824 2637 1015 2704 occasiones
1031 2637 1167 2701 fuerant
1178 2656 1269 2701 nova
1280 2634 1420 2720 praedia

255 2750 459 2816 aedificandi
494 2757 570 2815 tum
604 2772 684 2816 cum
719 2751 817 2816 bellis
850 2751 989 2816 Punicis
1012 2749 1123 2815 omnis
1146 2748 1246 2814 Italia
1269 2753 1341 2813 erat
1363 2769 1420 2814 va-

257 2867 353 2928 stata.
367 2862 393 2949 4)
417 2861 464 2928 At
486 2863 551 2928 hoc
574 2864 768 2929 remedium
791 2886 862 2929 non
884 2864 950 2928 nisi
962 2862 1065 2929 breve
1078 2869 1112 2928 et
1124 2862 1167 2927 ad
1183 2868 1319 2949 tempus
1330 2867 1418 2940 erat,

252 2982 382 3042 terram
416 2982 532 3042 autem
566 2983 663 3042 extra
698 2977 836 3042 Italiam
859 2977 960 3042 sitam
983 2975 1134 3042 dividere
1158 2996 1276 3040 rerum
1297 2979 1421 3042 natura

253 3093 288 3153 11
310 3088 466 3155 civilium
487 3096 684 3176 temporum
706 3112 777 3156 non
801 3090 872 3176 pati
895 3088 1163 3155 existimabatur.
1189 3086 1213 3174 1)
1244 3088 1288 3152 In
1310 3087 1421 3172 priore

254 3199 341 3267 libro
365 3200 391 3289 ⁶)
426 3202 606 3268 docuimus
630 3225 738 3290 quam
761 3203 864 3268 miser
887 3208 972 3268 esset
994 3201 1221 3287 agriculturae
1244 3199 1421 3286 plebisque

255 3314 419 3396 condicio,
455 3337 536 3380 cum
559 3316 706 3382 Gracchi
729 3316 833 3381 huius
856 3315 1009 3381 eiusdem
1032 3335 1209 3400 oppressae
1233 3312 1341 3401 plebis
1365 3333 1422 3398 pa·

254 3427 439 3492 trccinium
461 3429 711 3514 profiterentur.

289 3587 306 3649 ¹)
324 3589 360 3639 Cf.
378 3589 513 3638 Mommsen
529 3591 557 3638 R.
576 3590 605 3639 G.
622 3590 646 3638 1⁸
663 3607 714 3654 pag.
734 3590 790 3647 303,
808 3589 864 3638 818.

287 3671 307 3734 ’)
323 3672 373 3722 Cic.
394 3673 427 3721 De
444 3673 499 3737 leg.
516 3689 564 3737 agr.
582 3673 617 3730 ΙΙ,
636 3673 675 3730 27,
694 3673 741 3725 73:
760 3674 819 3738 ,ast
835 3689 917 3736 operae
934 3673 1037 3737 pretium
1054 3672 1203 3736 diligentiam
1219 3673 1337 3722 maiorum
1346 3688 1421 3721 recor·

254 3755 312 3812 deri,
338 3756 380 3820 qui
406 3755 510 3805 colonias
535 3756 569 3804 sic
594 3756 686 3805 idoneis
710 3757 737 3804 111
761 3755 819 3804 locis
836 3760 918 3805 contra
934 3756 1091 3820 suspicionem
1108 3755 1210 3820 periculi
1226 3755 1378 3813 collocarunt,
1395 3759 1423 3804 ut

253 3854 302 3886 esse
321 3855 369 3886 11111
387 3839 472 3901 oppida
489 3839 579 3896 Italiae,
597 3840 637 3888 sed
654 3839 831 3903 propugnacula
848 3840 944 3903 imperii
962 3838 1123 3888 viderentur.”

286 3919 359 3980 Ι)(11“.
378 3920 483 3984 Madvig,
506 3923 541 3970 De
558 3922 610 3970 iure
627 3925 650 3970 et
667 3923 756 3970 condic.
775 3921 851 3971 colon.
869 3939 923 3986 pop.
942 3923 1019 3978 Rom,
1038 3923 1064 3970 in
1081 3923 1168 3986 Opusc.
1186 3921 1276 3978 Acad.²,
1294 3937 1346 3985 pag.
1365 3921 1421 3968 199.

287 4003 306 4063 ⁴)
323 4002 435 4052 Momms.
453 4003 482 4051 R.
500 4004 528 4052 G.
547 4005 570 4052 1⁸
589 4021 640 4068 pag.
659 4004 715 4052 818.

288 4085 435 4145 6)Μο1111111.
453 4086 481 4133 R.
500 4087 528 4134 G.
547 4087 583 4135 11⁸
599 4103 651 4150 pag.
670 4087 709 4134 80.

286 4167 505 4231 emam
