3274 4998
830 524 894 590 166

271 701 363 783 cidit,
398 723 478 768 cum
512 723 533 768 a
566 701 790 768 Constantino
823 701 959 789 imperii
989 702 1085 794 sedes
1107 701 1441 790 Constantinopolim

271 820 322 882 est
344 814 516 882 translata.
541 813 567 901 ¹)

314 927 654 995 Frumentationibus
687 933 802 994 autem
838 929 898 1016 qui
921 935 1123 1016 praeessent,
1148 929 1231 994 dum
1256 951 1308 995 res
1332 927 1444 1016 puhli-

271 1062 312 1107 ca
345 1047 417 1107 erat
450 1040 567 1123 libera,
603 1023 759 1107 dubium.
794 1039 821 1126 ²)
867 1042 912 1107 Et
949 1042 1040 1128 quod
1065 1042 1108 1109 ad
1132 1041 1336 1108 Caesariana
1358 1047 1443 1108 tem-

271 1175 364 1241 pora,
400 1159 713 1220 commemorantur
736 1175 816 1220 sane
840 1154 903 1220 sub
927 1155 1084 1240 Augusto
1108 1155 1270 1242 praefecti
1298 1155 1442 1243 quidam

271 1267 436 1333 frumenti
470 1266 584 1347 dandi,
613 1266 738 1353 quibus
760 1267 958 1334 Hirschfeld
981 1266 1008 1354 ⁸)
1032 1267 1183 1334 solarum
1206 1269 1443 1336 frumentatio·

271 1401 357 1445 num
391 1401 510 1446 curam
544 1380 645 1446 fuisse
680 1386 837 1446 autumat
849 1403 857 1462 3
893 1393 928 1447 at
956 1388 1074 1448 contra
1096 1382 1291 1448 Mommsen
1313 1381 1340 1470 4)
1363 1403 1443 1449 con·

271 1493 381 1560 tendit
414 1493 547 1559 nullam
576 1514 714 1559 causam
749 1515 829 1576 esse,
865 1516 926 1560 cur
959 1501 1120 1582 putemus
1142 1517 1261 1582 curam
1284 1517 1443 1562 annonae

271 1627 341 1672 non
368 1607 469 1673 fuisse
493 1628 612 1674 eorum
636 1607 798 1673 muneris.
844 1607 948 1674 Nulla
971 1631 1051 1674 sane
1080 1615 1255 1675 causaest
1279 1630 1340 1675 cur
1359 1631 1440 1675 cum

269 1720 488 1787 Hirschfeldo
511 1742 555 1787 ex
577 1721 651 1807 ipso
674 1721 814 1786 nomine
834 1721 987 1806 praejecti
1005 1722 1166 1808 frameati
1188 1722 1290 1787 doadi
1312 1722 1439 1806 (doridi,

269 1855 339 1900 non
362 1834 529 1920 condendi)
553 1834 740 1900 efficiamus
761 1855 935 1900 annonam
959 1835 1002 1900 ad
1027 1835 1090 1900 hos
1113 1835 1332 1920 magistratus
1350 1834 1439 1900 nihil

269 1947 455 2028 attinuisse,
492 1947 656 2035 quoniam
690 1947 784 2014 idem
817 1947 1024 2014 vocabulum
1059 1955 1226 2035 usurpant
1248 1949 1440 2035 scriptores,

269 2060 329 2127 ubi
351 2067 493 2127 narrant
515 2083 559 2127 ex
581 2061 655 2146 lege
679 2060 881 2148 Sempronia
904 2062 993 2128 senis
1016 2068 1050 2128 et
1072 2062 1196 2128 triente
1223 2062 1438 2128 frumentum

268 2173 361 2262 plebi
388 2174 552 2240 datum
575 2196 655 2241 esse.
681 2176 705 2262 ⁸)
751 2175 911 2241 Ceterum
934 2197 977 2241 ne
1001 2175 1067 2242 hoc
1091 2175 1232 2261 quidem
1256 2175 1337 2240 satis
1360 2196 1440 2241 con-

269 2293 344 2370 stat,
388 2288 554 2375 quamdiu
588 2288 725 2367 fuerint,
762 2287 1044 2376 quandoquidem
1078 2288 1271 2354 Mommsen
1307 2286 1333 2373 ⁶)
1368 2288 1440 2354 iam

268 2402 358 2467 inter
392 2422 500 2468 annos
534 2407 695 2468 octavum
730 2408 763 2467 ct
797 2401 968 2468 decimum
995 2407 1157 2488 quartum
1181 2423 1213 2487 p.
1238 2401 1318 2467 (ihr.
1343 2423 1377 2467 n.
1402 2401 1439 2466 in

268 2513 407 2580 illorum
430 2521 543 2602 partes
566 2515 777 2601 praefectum
800 2536 955 2582 annonae
979 2513 1106 2581 subisse
1130 2514 1315 2595 contendit,
1342 2515 1440 2580 cuius

269 2628 420 2694 officium
442 2628 545 2694 fuerit
568 2649 636 2694 om
649 2649 751 2694 nem
773 2650 845 2694 rem
870 2628 1130 2694 frumentariam
1154 2649 1284 2708 curare,
1297 2627 1438 2693 Hirsch-

268 2741 338 2808 feld
360 2740 387 2828 7)
421 2747 539 2808 contra
573 2742 680 2808 nescit
711 2763 756 2807 an
779 2763 887 2829 usque
911 2742 955 2807 ad
978 2741 1161 2809 Claudium
1185 2740 1240 2808 vel
1264 2741 1439 2807 Neronem

268 2855 458 2922 ordinariae
493 2855 775 2921 frumentationes
810 2855 965 2942 publicae
993 2855 1037 2920 ad
1059 2855 1246 2942 praefectos
1272 2855 1438 2921 frumenti

268 2969 373 3034 dandi
414 2968 651 3055 pertinuerint,
688 2969 747 3056 qui
781 2969 920 3035 adiectis
954 2969 1157 3056 plerumque
1193 2967 1370 3035 vocabulis
1404 2990 1440 3034 ex

267 3082 417 3170 dotatas)
448 3082 615 3168 ofoasalto)
637 3103 743 3169 usque
767 3082 966 3148 aderitum
990 3082 1130 3148 secundi
1153 3104 1186 3168 p.
1209 3081 1289 3148 chr.
1314 3103 1347 3148 n.
1370 3102 1441 3147 sae-

268 3196 337 3262 culi
360 3201 684 3262 commemorantur.

303 3411 323 3469 ¹)
355 3409 390 3456 Dc
413 3409 526 3472 praefecto
543 3423 649 3457 annonae
667 3408 720 3457 vids
737 3408 841 3458 Hirschf.
859 3409 886 3457 in
904 3407 992 3457 Philol.
1010 3407 1027 3456 l.
1046 3407 1063 3456 l.
1081 3423 1147 3472 pagg.
1167 3407 1197 3460 27
1217 3423 1289 3471 seqq,
1306 3407 1338 3455 46
1357 3422 1440 3471 seqq.;

267 3491 295 3542 V.
313 3492 342 3541 G.
360 3507 412 3555 pag.
431 3490 477 3539 131
496 3507 576 3554 seqq.;
594 3491 707 3540 Momms.
724 3492 780 3540 sta.
796 3491 833 3540 11³
850 3507 902 3556 pag.
922 3491 984 3540 1041
1003 3507 1066 3554 seqq.
1076 3511 1083 3549 3
1101 3491 1178 3554 Marq.
1196 3489 1251 3539 StV.
1268 3489 1306 3538 11²
1322 3505 1374 3554 pag.
1392 3489 1438 3538 131

267 3592 327 3640 scq.;
344 3573 461 3630 Karlowa,
479 3573 547 3622 Rom.
565 3573 726 3637 Rechtsgcsch.
744 3574 757 3622 Ι
774 3590 826 3638 pag.
846 3575 893 3623 ott
911 3590 990 3638 acqq.;
1008 3572 1106 3637 Herzog,
1125 3573 1208 3622 Gcsch.
1227 3589 1250 3621 u.
1269 3573 1330 3636 Syst.
1345 3572 1368 3620 d.
1379 3575 1440 3622 rom.

267 3658 410 3715 Staatavcrf,
427 3656 453 3704 ll
470 3673 522 3721 pag.
539 3656 587 3708 '136
606 3672 654 3720 seq.

299 3741 319 3803 ἵ)
354 3741 391 3790 cf.
426 3739 532 3790 Hirschf.
550 3741 575 3788 in
594 3739 682 3789 Philol.
700 3740 718 3789 l.
736 3740 753 3790 l.
771 3757 824 3805 pag.
841 3741 874 3789 40
892 3757 956 3806 seqq.

300 3824 320 3886 ³)
354 3825 382 3874 V.
400 3823 528 3888 G.Ipag.
548 3823 595 3872 130
613 3839 668 3872 cum
685 3823 738 3873 adn.
758 3824 781 3872 1.

302 3908 322 3968 ⁴)
355 3907 410 3957 Sta.
428 3907 464 3956 11³
482 3923 534 3972 pag.
554 3907 618 3955 1040
636 3907 689 3955 adn.
709 3906 731 3956 1.

301 3989 320 4050 ὅ)
355 3989 393 4038 Cf.
410 3990 462 4038 Liv.
480 3990 533 4039 Par.
551 3989 608 4047 LX;
626 3987 687 4039 Vell.
705 3989 794 4038 Paterc.
812 3989 845 4046 11,
864 3990 887 4048 3,
905 3990 936 4046 3;
954 3988 1032 4037 Schol.
1050 3987 1108 4036 Bab.
1126 3987 1152 4036 in
1172 3987 1222 4036 Cic.
1239 3987 1305 4036 Orat.
1325 4002 1361 4050 pr.
1381 3987 1441 4036 Sest.

184 4103 186 4106 -
267 4087 320 4137 pag.
339 4071 388 4120 300
405 4072 463 4130 Or.;
481 4073 567 4122 Areon.
585 4072 611 4120 in
629 4072 709 4120 Pison.
726 4087 779 4136 pag.
798 4073 812 4120 9
830 4065 872 4120 Or.
890 4071 962 4120 Locos
980 4071 1092 4134 descripsi
1109 4085 1163 4134 pag.
1182 4070 1238 4119 142.

300 4155 320 4214 θ)
356 4153 374 4204 l.
391 4153 408 4204 l.
433 4170 501 4219 pagg.
518 4154 575 4213 373,
594 4155 658 4203 1041
676 4170 730 4204 curn
747 4155 801 4204 adn.
819 4155 842 4204 3.

301 4237 322 4304 ἲ)
357 4237 375 4288 l.
393 4237 410 4288 l.
427 4253 496 4304 pagg.
515 4238 563 4286 133
581 4254 635 4287 cum
649 4239 703 4288 adn.
722 4239 744 4297 t,
763 4237 818 4286 134.
