3226 4998
848 470 911 558 aa

279 673 512 758 permanserit.
539 672 563 759 ¹)
598 673 693 740 Licet
727 681 843 740 autem
878 674 1103 760 pecuniarum
1132 679 1335 759 potestatem
1358 675 1450 760 apud

280 787 454 852 Romanos
477 807 498 851 a
520 793 635 852 nostra
658 788 818 868 differret,
843 795 876 852 ct
897 787 957 853 vix
976 809 1131 873 unquam
1144 787 1217 852 fieri
1231 809 1327 874 posse
1340 788 1452 854 videa-

280 907 345 980 tur,
383 906 420 964 ut
454 899 491 963 in
525 901 752 966 contentionis
776 901 943 965 iudicium
968 907 1142 981 vocentur,
1171 899 1196 988 2)
1221 909 1337 966 tamen
1366 901 1452 966 illud

280 1013 431 1099 pretium
454 1019 492 1078 ut
515 1013 726 1099 temporibus
750 1014 816 1079 illis
841 1014 1015 1080 modicum
1038 1015 1308 1080 existimandum
1321 1037 1391 1080 esse
1405 1015 1452 1080 vi-

281 1127 389 1192 detur.
414 1126 469 1192 Ab
487 1127 732 1213 antiquissimis
745 1127 838 1193 enim
852 1127 1062 1213 temporibus
1074 1128 1292 1212 magistratus
1304 1129 1453 1193 Romani

281 1227 376 1304 omni
393 1261 455 1325 ope
480 1247 582 1326 atqua
606 1262 708 1326 opera
731 1241 957 1321 enitebantur,
983 1249 1021 1306 ut
1044 1263 1218 1306 annonam
1241 1241 1405 1308 levarent.
1427 1240 1452 1328 3)

325 1353 380 1418 Ex
409 1353 584 1418 communi
617 1375 710 1419 more
735 1354 919 1420 verborum
943 1355 979 1419 in
1004 1355 1233 1441 superioribus
1251 1355 1454 1440 frumentum

283 1466 376 1531 idem
405 1466 496 1532 valet
519 1487 558 1531 ac
584 1469 735 1532 triticum.
760 1469 786 1553 ⁴)
833 1467 968 1533 Ceteras
992 1469 1155 1533 frumenti
1180 1469 1307 1554 species
1331 1475 1369 1533 ut
1392 1469 1453 1534 mi-

283 1580 375 1644 noris
398 1581 565 1644 momenti
589 1581 832 1666 praetermitto.
858 1581 885 1666 ⁶)

326 1693 421 1757 Inter
468 1693 705 1758 Romanorum
735 1694 898 1759 alimenta
930 1701 1104 1781 praeterea
1148 1695 1451 1760 commemoranda

282 1807 444 1872 videntur
466 1808 577 1872 carnis
601 1808 696 1873 varia
719 1829 853 1892 genera,
879 1815 917 1872 ut
929 1808 1029 1873 suilla
1041 1807 1170 1872 bubula
1182 1808 1285 1874 ovilla
1298 1808 1451 1895 (agnina)

283 1920 432 2008 caprina,
457 1927 532 1985 tum
554 1920 730 2005 legumina
751 1921 842 1986 olera
865 1943 976 2007 poma,
1002 1921 1028 2008 ⁶)
1052 1922 1278 1987 condimenta.
1294 1921 1331 2007 7)

290 2108 481 2116 .-.--.-.-

282 2225 402 2273 Ciceronis
427 2226 571 2290 temporibus
589 2227 626 2274 lll
646 2227 692 2274 HS.
710 2227 842 2274 constitisse
859 2227 922 2274 dicit.
942 2227 1003 2273 Cunr
1020 2230 1098 2274 autam
1116 2225 1217 2288 singulis
1235 2226 1355 2274 mansibus
1373 2225 1454 2288 quinis

282 2308 367 2375 modiis
384 2309 496 2356 frumenti
514 2309 603 2372 singuli
621 2309 728 2357 homines
745 2309 835 2372 eguisse
853 2314 964 2372 putentur
981 2309 1065 2371 (Marq.
1085 2308 1101 2356 l.
1120 2308 1128 2355 l
1154 2314 1177 2357 et
1194 2325 1244 2371 pag.
1264 2308 1327 2364 lll;
1345 2307 1455 2355 rf.etianr

282 2408 341 2455 quae
358 2392 408 2456 ipsa
424 2392 529 2439 dicturus
547 2409 600 2440 sum
619 2393 643 2439 in
661 2392 727 2440 Libri
746 2393 770 2439 Il
788 2393 870 2456 Capite
888 2393 915 2440 de
933 2392 995 2440 Cura
1011 2408 1117 2438 annonae
1134 2392 1193 2438 etde
1206 2389 1456 2449 Frumentttionibns),

282 2478 305 2522 et
330 2475 503 2522 mercennarius
529 2475 633 2523 eiusdem
660 2475 778 2522 Ciceronis
805 2475 948 2538 temporibus
968 2475 1104 2538 „duodecim
1122 2474 1197 2522 aeris'’
1216 2479 1314 2523 mereret
1331 2473 1389 2533 (Cic.
1409 2473 1455 2520 Pro

283 2557 350 2604 Rosa.
368 2574 427 2604 com.
448 2557 486 2615 10,
505 2559 553 2618 28),
571 2559 592 2606 is
610 2559 629 2605 si
648 2559 809 2620 llurquurdtio
827 2559 896 2605 fidem
914 2557 997 2606 habeas
1014 2559 1120 2620 quinque
1138 2558 1221 2604 diebus
1238 2561 1330 2604 tantum
1345 2555 1457 2603 meruisse

282 2641 451 2688 existimandus
478 2641 515 2698 sit,
539 2646 565 2688 ut
582 2641 626 2688 sibi
646 2641 716 2688 unius
734 2642 822 2688 mensis
839 2642 984 2688 frumentum
1002 2657 1079 2687 emere
1097 2645 1179 2703 posset.
1199 2640 1264 2687 Idem
1283 2638 1393 2686 L'hllrorn
1411 2637 1455 2685 l.l.

282 2722 374 2786 colligit
399 2740 426 2771 ex
452 2723 568 2787 parabola,
591 2741 662 2787 quarn
689 2725 797 2771 Christus
815 2724 890 2771 turbis
909 2724 1028 2787 proposuit
1045 2725 1073 2771 de
1091 2724 1203 2786 operariis
1222 2723 1245 2769 in
1264 2723 1332 2768 vinea
1349 2721 1457 2768 laboran-

282 2805 345 2853 tibus
372 2806 466 2866 (Matth.
493 2806 543 2864 XX,
571 2807 583 2854 l
611 2811 691 2870 seqq).
718 2808 822 2854 Fortasse
846 2811 912 2854 recte.
931 2807 955 2854 si
973 2807 1055 2854 saltem
1074 2807 1144 2853 unius
1161 2805 1248 2853 denarii
1267 2805 1370 2868 pretinm
1388 2804 1458 2851 etiam

283 2888 308 2935 in
328 2887 458 2935 Palaestina
475 2888 572 2947 valebat,
591 2890 653 2952 quod
670 2906 711 2953 ego
729 2890 818 2953 ignoro.
837 2890 865 2936 lu
883 2906 941 2952 quae
959 2905 1011 2937 curn
1031 2889 1058 2936 ud
1077 2889 1175 2936 Romam
1190 2904 1236 2935 non
1255 2887 1392 2951 pertineant,
1410 2902 1458 2933 non

284 2969 388 3034 amplius
406 2971 532 3034 inquiram.

321 3053 337 3114 ¹)
355 3053 470 3102 Bliimner
488 3054 532 3103 1.1.

317 3136 336 3196 2)
353 3137 388 3185 Cf.
408 3154 466 3201 quaa
483 3155 552 3202 supra
570 3142 629 3202 (pag.
650 3139 689 3197 53)
706 3139 790 3202 scripsi
804 3139 832 3186 da
841 3139 944 3202 antiquis
954 3138 1045 3186 divitiis
1054 3155 1109 3186 cum
1118 3137 1205 3186 nostris
1214 3136 1359 3200 comparatis.
1386 3136 1456 3183 Prae·

282 3223 344 3267 term
369 3221 464 3269 interest
491 3227 568 3270 utrum
596 3223 621 3270 in
638 3223 782 3270 aestimando
799 3223 849 3269 nuri
868 3238 897 3269 an
915 3223 1004 3284 argenti
1024 3222 1137 3269 mtionem
1154 3236 1295 3284 sequamur;
1314 3219 1333 3267 si
1352 3219 1454 3283 priorem

283 3305 354 3366 (quod
381 3305 524 3368 Marquardt,
551 3307 604 3354 StV.
633 3306 668 3353 11²
686 3323 736 3369 pag.
756 3307 795 3363 70,
814 3306 862 3352 fieri
882 3305 946 3352 iubet
963 3322 1017 3352 curn
1034 3309 1116 3367 agatur
1133 3305 1161 3351 dc
1179 3305 1347 3367 imperatorum
1364 3309 1454 3365 tempo-

278 3385 365 3445 ribus),
391 3387 499 3435 dcnurius
522 3389 584 3435 idem
602 3388 677 3436 valere
695 3389 781 3436 dicitur
797 3405 823 3436 ac
841 3389 1009 3436 Germanorum
1028 3389 1058 3438 87
1077 3388 1121 3444 Pr„
1140 3387 1176 3434 sin
1195 3387 1290 3434 alteram
1309 3385 1380 3448 (qnod
1398 3384 1455 3431 Blit-

284 3485 358 3526 mner‚
376 3469 427 3527 alii,
446 3487 519 3533 usque
533 3471 638 3531 iaciunt),
656 3472 718 3519 idern
736 3477 804 3535 atque
822 3472 853 3524 70
872 3472 907 3519 l's.
927 3472 962 3518 Cs.
983 3471 1083 3518 Hultsrh
1102 3469 1145 3518 l.l.
1164 3486 1214 3533 pag.
1234 3470 1297 3524 7113
1316 3469 1392 3530 Marq.
1411 3466 1427 3514 l.
1439 3467 1455 3514 l.

314 3569 335 3599 v.
373 3553 395 3598 l.

285 3567 338 3694 1²³3)
355 3552 392 3683 bf.
411 3635 476 3683 Libri
495 3636 519 3684 lI
537 3636 613 3700 Caput
630 3636 658 3683 de
676 3637 737 3686 Cura
754 3654 858 3685 annonae
876 3638 943 3684 etde
961 3635 1200 3684 Frumentationibus.

319 3718 392 3777 4)(11.
411 3718 535 3767 Bliimmcr
552 3719 596 3768 l.l.
615 3736 666 3784 pag.
686 3721 724 3767 61.

319 3800 338 3860 ⁵)
356 3800 391 3848 Dc
417 3802 477 3849 farre
503 3801 618 3850 Bliinmer
644 3802 687 3850 l.l.
714 3819 764 3866 pag.
784 3803 831 3850 64:
857 3802 937 3866 „Spelt
953 3803 1032 3850 wirrde
1049 3819 1078 3848 zu
1096 3802 1158 3858 Brot,
1177 3801 1276 3863 Graupe,
1294 3799 1346 3846 Brei
1365 3815 1388 3845 u.
1406 3797 1455 3860 dgl.

286 3883 404 3932 vernandt
428 3886 478 3932 und
500 3901 548 3932 war
564 3886 616 3933 eine
634 3886 668 3933 im
687 3886 820 3934 Altsrthum
840 3886 963 3948 ungemein
982 3885 1117 3932 vcrbreitcte
1135 3885 1183 3952 und
1201 3882 1300 3930 beliebte
1318 3881 1461 3928 Getreideurt

286 3965 343 4028 (vgl.
363 3965 432 4014 Dion.
452 3967 507 4016 Hal.
525 3968 550 4016 II
568 3969 608 4026 25,
627 3968 676 4028 2).''

319 4049 338 4106 ὅ)
345 4048 408 4096 Plin.
416 4049 446 4097 N.
453 4050 484 4098 H.
495 4051 588 4109 xlxjt,
599 4052 641 4098 52:
654 4053 703 4116 „le
712 4052 779 4100 horto
788 4052 863 4115 plebei
873 4051 1022 4100 macellum.”
1034 4053 1070 4099 Cs.
1078 4051 1152 4114 Murq.
1160 4049 1271 4097 Privatl.2
1279 4065 1330 4112 pag.
1340 4049 1388 4095 424
1395 4065 1459 4112 seqq.

321 4132 340 4190 ²)
358 4133 433 4196 Murq.
461 4133 476 4181 l.
496 4134 512 4182 l.
539 4151 589 4198 pag.
616 4136 679 4183 425:
717 4137 776 4199 „Die
802 4137 1002 4199 Gen'iirnptlanzen
1023 4171 1175 4181 .......
1195 4134 1297 4182 licfcrten
1317 4131 1387 4180 theils
1405 4132 1459 4179 dcrn

287 4215 474 4265 Arbeiterstande
492 4217 554 4266 scine
571 4218 658 4268 schwer
675 4219 822 4270 verdaulichc
839 4219 977 4284 Nahrung.”
