3226 4998
724 535 767 604 37

162 713 292 779 exclusi
314 719 425 779 essent
449 711 474 802 1)
498 714 665 781 damnum
688 719 930 798 rest'tueretur‚
956 717 1025 782 sive
1050 721 1088 780 ut
1099 714 1240 782 coloniis
1252 725 1332 780 con-

162 827 287 892 stitutis
322 827 526 894 defectiones
549 838 842 915 praecaverentur.
869 830 894 918 Ξ)
918 829 1085 916 Reliquus
1109 833 1225 898 autem
1249 848 1331 912 ager

163 939 329 1026 publicus
366 941 476 1026 quoad
501 963 571 1008 non
595 942 798 1024 clocabatur,
823 943 849 1031 8)
874 945 902 1008 si
926 944 969 1008 ad
993 941 1164 1008 culturam
1186 941 1331 1006 idoneus

161 1059 241 1134 crat,
277 1053 420 1138 singulis
454 1055 661 1140 quibusdam
695 1057 831 1139 civibus
866 1057 1084 1143 occupandus
1107 1053 1326 1134 tradebatur;

162 1167 214 1231 sin
237 1167 399 1232 manebat
421 1168 580 1250 incultus,
608 1172 822 1236 ususfructus
847 1169 1105 1250 concedebatur,
1125 1167 1329 1254 plerumque
1386 1207 1388 1210 -

163 1281 206 1345 ad
229 1303 352 1368 peoora
374 1280 423 1346 ibi
446 1283 624 1368 pascenda.
649 1285 675 1370 4)
722 1285 790 1364 Qui
813 1284 874 1350 tali
897 1305 978 1368 agro
998 1303 1200 1368 compascuo
1213 1279 1330 1344 uteba-

162 1400 226 1476 tur,
262 1401 393 1460 certum
429 1396 602 1482 quoddam
637 1399 782 1486 vectigal
817 1397 996 1484 pendebat,
1026 1396 1082 1462 cui
1105 1415 1233 1460 nomeu
1257 1399 1332 1458 erat

161 1508 356 1594 scripturae.
403 1509 472 1588 Qui
494 1509 673 1596 publicum
696 1533 819 1597 agrum
842 1510 1064 1597 occupabant,
1082 1507 1327 1594 possessionem

160 1619 210 1684 illi
238 1621 378 1707 quidem
412 1622 584 1704 tenebant,
609 1646 671 1689 nec
696 1647 766 1690 non
790 1625 932 1711 posteris
955 1625 993 1688 in
1016 1621 1202 1688 hereditate
1227 1619 1328 1685 relin-

160 1734 328 1820 quebant,
356 1742 507 1802 attamen
537 1759 719 1824 nunquam
755 1761 857 1803 suum
881 1737 1052 1824 appellare
1077 1736 1118 1800 iis
1140 1733 1276 1799 licebat.
1301 1732 1327 1820 5)

160 1847 290 1912 Statum
313 1855 446 1934 partem
470 1858 656 1936 proventus
680 1853 852 1918 debebant
875 1852 924 1916 rei
948 1850 1114 1936 publicae.
1151 1848 1212 1912 Est
1226 1869 1328 1932 quae-

161 1960 241 2025 dam
263 1961 352 2026 inter
375 1963 465 2028 viros
489 1964 604 2030 doctos
630 1988 737 2052 parva
761 1966 922 2031 dissensio
946 1971 1064 2029 utrum
1080 1961 1192 2048 plebei
1204 1982 1328 2044 agrum

161 2073 338 2160 publicum
384 2097 548 2163 occupare
591 2080 688 2146 vetiti
732 2078 859 2144 fuerint
903 2079 1045 2164 iureque
1087 2073 1327 2160 compascendi

161 2189 332 2253 caruerint
365 2212 482 2256 neone.
508 2191 534 2277 6)
580 2193 727 2279 Quoquo
751 2193 852 2258 modo
876 2193 940 2256 hoc
964 2213 998 2256 se
1023 2189 1135 2269 habet,
1160 2187 1327 2274 plurimos
1417 2201 1419 2204 ’

161 2301 311 2389 plebeios
344 2326 460 2390 reapse
496 2305 539 2370 ab
574 2328 654 2391 agro
689 2306 826 2392 publico
861 2305 1004 2370 fruendo
1039 2302 1193 2368 exclusos
1224 2301 1326 2365 luisse

161 2416 353 2480 communis
386 2417 477 2483 fama
512 2425 569 2484 est.
606 2419 632 2506 7)
678 2420 779 2498 Quod
813 2420 934 2499 effecit,
969 2424 1008 2482 ut
1039 2417 1144 2482 etiam
1166 2414 1258 2501 quod
1282 2413 1326 2478 ad

194 2657 212 2717 ¹)
229 2657 264 2707 Dc
281 2657 323 2706 hac
340 2674 365 2707 re
382 2659 463 2708 stetim
477 2659 503 2708 in
521 2659 564 2707 hac
581 2659 631 2722 ipsa
654 2657 739 2721 pagine
756 2656 863 2706 dicturus
879 2671 938 2704 sum.

192 2739 211 2798 2)
228 2741 272 2794 Cf.
291 2741 403 2805 Schuegl.
422 2743 444 2789 R
469 2744 496 2789 G.
515 2742 540 2789 Π
557 2757 608 2805 pag.
627 2741 684 2798 416,
702 2745 725 2788 el
741 2739 808 2788 Libri
824 2739 849 2787 Il
866 2738 943 2802 Caput
960 2737 988 2786 de
998 2739 1115 2795 Agrorum
1127 2733 1326 2797 assignationibus

157 2826 180 2870 ct
197 2823 225 2870 de
243 2822 355 2872 Coloniis.
1336 2886 1338 2889 .

190 2903 210 2963 ³)
235 2905 331 2954 Partem
356 2907 407 2968 agri
424 2905 514 2970 publici
533 2906 653 2954 interdurn
671 2904 783 2953 elocatum
809 2919 856 2952 esse
882 2902 995 2950 discimus
1021 2917 1048 2949 ex
1066 2899 1176 2964 Appiano
1194 2899 1239 2960 (De
1256 2898 1325 2948 Bello

56 3003 59 3008 '
158 2992 204 3040 civ.
230 2993 249 3050 Ι,
277 2991 301 3052 7)
326 2995 389 3057 apud
415 3010 485 3057 quern
512 2993 624 3057 legimus:
647 2994 719 3054 „aba
739 2993 797 3060 γῆς
818 2993 872 3053 τῆς
892 2984 1063 3058 δορικτήτου
1089 2986 1144 3048 τὴν
1164 2977 1219 3056 μὲν
1240 2978 1325 3060 ἕξειρ·

158 3079 315 3155 γασμένην
343 3091 404 3150 τοῖς
429 3082 612 3160 οἰκιζομένοις
636 3080 793 3168 ἐπιδιῄρουν
817 3077 834 3148 ἢ
865 3074 1086 3152 ἓπίπροισκονῆ
1118 3073 1323 3156 ἕξεμίσὲιοον.”

160 3177 292 3242 Schweglcr
308 3179 346 3238 (R.
366 3180 393 3225 G.
412 3179 437 3226 ΙΙ
454 3195 505 3242 pug.
524 3179 572 3226 409
590 3183 648 3242 seq.)
666 3179 732 3227 docet
749 3178 810 3241 apud
827 3177 950 3240 scriptores
967 3176 1084 3223 Romanos
1094 3189 1192 3238 „ugrum
1200 3173 1325 3238 publicum

160 3259 251 3308 locare''
269 3261 319 3308 sive
337 3261 480 3325 „fruendum
497 3260 589 3310 locare’'
606 3261 673 3310 aliud
690 3261 748 3324 quid
765 3261 905 3323 significare,
924 3275 955 3306 sc.
967 3257 1091 3321 vectigalia
1100 3257 1200 3305 vendere
1208 3261 1266 3320 quae
1275 3257 1325 3320 agri

161 3341 251 3407 publici
269 3359 408 3406 possessores
423 3343 544 3392 debebant.
563 3345 625 3392 Item
642 3345 720 3406 Lange
738 3343 798 3392 Itdm
817 3341 866 3390 ΑΙ).
884 3340 907 3388 1³
925 3357 976 3404 pag.
996 3340 1051 3388 158.

194 3425 213 3486 4)
238 3425 332 3474 Ceteros
349 3441 406 3474 usus
422 3427 473 3489 agri
490 3426 580 3490 publici
598 3427 651 3475 ride
676 3427 739 3490 apud
757 3426 834 3489 Marq.
852 3425 868 3472 l.
887 3423 913 3482 l,
931 3423 972 3487 qui
990 3421 1065 3472 mullo
1083 3422 1199 3486 copiosius
1217 3424 1326 3473 dehisce

160 3507 269 3557 omuibus
285 3508 393 3572 loquitur
410 3526 481 3572 quam
498 3510 589 3573 patitur
605 3508 678 3557 huius
695 3508 752 3557 libri
771 3509 838 3557 ratio.

193 3591 211 3650 ⁶)
229 3591 265 3640 Cf*
284 3591 326 3639 Cic
351 3591 387 3638 Dc
404 3591 457 3655 Leg.
475 3607 524 3651 agr.
542 3591 581 3642 ΠΙ
599 3591 647 3656 Cap
674 3591 705 3649 33
723 3592 806 3640 Festus
822 3607 874 3655 pag.
894 3590 958 3639 233:
978 3590 1074 3654 „Neque
1091 3589 1133 3653 qui
1151 3589 1210 3638 dicit
1219 3605 1244 3638 se
1252 3589 1325 3654 possi·

158 3673 220 3730 dere,
237 3673 258 3721 is
275 3689 342 3722 suam
359 3690 409 3722 rem
425 3678 501 3738 potest
518 3674 627 3732 dioere'’;
646 3674 712 3723 Idam
730 3691 775 3738 pag
794 3674 859 3722 241:
879 3670 1328 3737 „Possessionesappellanturagrilato

158 3759 270 3819 patentes,
296 3755 388 3819 publici
410 3757 552 3822 privatique,
571 3757 611 3820 qui
629 3773 677 3805 nou
695 3757 875 3820 mancipatione,
893 3758 933 3804 sed
952 3772 995 3804 usu
1012 3755 1159 3813 tenebantur,
1177 3758 1199 3802 et
1218 3758 1245 3802 ut
1262 3755 1327 3818 quie·

160 3855 205 3902 que
223 3842 382 3903 occupaverat,
399 3839 555 3904 possidebat.'’

193 3921 212 3981 ⁶)
230 3921 266 3968 Cf.
285 3921 398 3985 Schwegl.
416 3922 444 3969 R.
455 3922 482 3970 G.
501 3923 539 3972 III
557 3938 608 3986 pag.
626 3924 675 3970 448
693 3939 773 3986 seqq.;
792 3923 869 3986 Marq.
888 3921 943 3970 StV.
961 3920 1044 3984 Ilpag.
1055 3920 1103 3976 99;
1121 3919 1240 3979 Huschke,
1250 3920 1328 3969 Ueber

162 4003 200 4052 die
216 4003 290 4052 Stella
307 4004 347 4052 des
364 4004 439 4052 Varro
457 4021 503 4053 von
521 4006 566 4056 deu
583 4005 711 4062 niciniern,
729 4021 781 4070 pag.
800 4005 839 4052 13.

196 4087 215 4148 7)
231 4087 324 4135 Mirum
342 4090 457 4150 quantum
475 4087 591 4153 discrepat
608 4087 799 4152 Ihneavulgatis
808 4087 968 4151 opinionibus.
978 4086 1002 4134 Is
1010 4089 1077 4150 putat
1085 4085 1161 4148 (Rom.
1171 4085 1259 4134 Forseh
1276 4100 1327 4150 pag.

163 4169 194 4221 74
212 4173 284 4233 seqq.)
302 4169 405 4234 plebeios
423 4199 453 4206 -
472 4187 530 4235 quos
555 4172 645 4219 eosdem
664 4171 792 4236 appellatos
808 4170 880 4218 luisse
897 4169 994 4218 clientes
1011 4169 1049 4230 (cs.
1068 4183 1138 4232 supra
1154 4183 1206 4232 pag.
1225 4167 1328 4227 22)cou-

161 4253 237 4302 tendit
264 4280 293 4288 -
312 4251 409 4300 nullum
426 4253 534 4301 habuisse
553 4255 673 4318 proprium
692 4255 832 4310 dominium,
851 4258 931 4302 contra
954 4253 1032 4316 ipsum
1050 4251 1172 4315 publicum
1190 4267 1274 4314 agrum
1291 4268 1328 4299 co·
