3296 5008
735 440 799 506 211

178 616 239 704 qui
262 617 476 684 frumentum
496 617 676 705 publicum
698 618 803 704 gratis
823 617 1045 706 accipiebant,
1065 641 1252 706 puerorum
1270 643 1352 710 quo·

180 753 246 819 que
270 731 412 797 nomina
434 731 540 797 incidi
563 731 704 812 iuberet,
729 732 772 798 ab
796 755 836 798 eo
860 739 1085 820 receptorum,
1113 740 1171 814 „ut
1185 735 1348 802 iaminde

179 844 223 911 ab
251 845 398 912 infantia
422 851 597 932 parentem
616 845 795 932 publicum
819 868 961 912 munere
986 847 1198 914 educationis
1221 850 1352 937 experi-

178 959 328 1025 rentur.'’
369 959 480 1044 Magis
499 958 612 1045 placet
635 959 861 1026 Hirschfeldii
885 961 1063 1055 sententia,
1089 961 1147 1048 qui
1173 962 1352 1030 alimenta·

178 1073 309 1138 riorum
331 1094 518 1160 puerorum
541 1078 574 1138 et
596 1073 791 1160 puellarum
815 1075 957 1140 nomina
979 1074 1110 1142 Romae
1128 1075 1350 1164 inseparatae

178 1185 312 1254 tabulas
345 1186 451 1254 relata
485 1186 586 1254 fuisse
610 1187 798 1254 confirmat.
824 1186 849 1275 1)
873 1188 1029 1254 Henneni
1053 1170 1169 1276 opinio
1194 1191 1249 1258 vel
1274 1192 1351 1258 ideo
1453 1240 1455 1244 -

213 1433 234 1486 ι1
268 1433 305 1483 cf.
316 1433 421 1482 Hirschl.
431 1434 457 1482 in
466 1433 556 1483 Philol.
565 1434 582 1484 1,
592 1434 609 1484 1.
619 1451 670 1499 pag.
681 1435 711 1482 11
722 1451 769 1498 seq.
779 1434 914 1483 Mommsen
923 1435 1017 1483 videtur
1026 1437 1085 1483 stare
1094 1435 1122 1484 ab
1133 1435 1251 1486 Henaeno.
1264 1437 1352 1486 Scribit

177 1518 242 1566 enim
262 1517 327 1579 (sut.
345 1517 383 1570 ΙΙΙ
400 1522 454 1582 pagi
472 1518 520 1565 446
539 1518 592 1566 adut
612 1519 651 1578 St:
675 1518 761 1582 „Dicae
778 1517 858 1566 Pliitza
875 1521 916 1579 (sc.
934 1518 975 1566 der
992 1517 1243 1582 ncuhinzugetretenen
1261 1521 1350 1569 Geirei-

177 1601 359 1664 deemptiingerl,
385 1601 452 1650 nicht
473 1601 511 1649 die
529 1601 568 1649 des
586 1601 676 1658 Circus,
694 1601 769 1650 maiut
786 1600 881 1648 Plinius
895 1617 982 1664 panep.
1002 1601 1031 1648 51
1044 1621 1049 1648 τ
1064 1603 1155 1666 populo
1174 1638 1179 1650 .
1199 1641 1203 1650 .
1224 1639 1229 1651 .
1248 1605 1352 1651 locorum

177 1683 279 1748 quinque
302 1683 370 1732 mitia
395 1685 507 1733 adiecisti
527 1685 599 1745 (denn
617 1701 641 1733 er
658 1668 722 1733 sahrt
738 1686 800 1733 sort:
818 1699 920 1732 aeeeras
936 1684 996 1734 enim
1013 1701 1134 1733 numerum
1152 1686 1285 1748 eoaqiarii;
1303 1687 1351 1751 vgl.

177 1768 238 1816 auch
264 1784 283 1816 c.
308 1767 355 1815 25:
374 1769 531 1832 locupletatas
548 1769 632 1829 tribus)
651 1769 700 1816 und
716 1769 758 1816 aut
773 1767 807 1816 sie
824 1768 879 1832 geht
896 1769 934 1816 die
951 1769 1003 1818 dem
1021 1769 1107 1818 Traian
1123 1773 1221 1832 gesetzte
1238 1770 1353 1818 Inschrist

179 1851 203 1898 0.
230 1851 271 1910 VI,
298 1851 361 1898 955:
390 1851 464 1900 tritus
489 1851 593 1908 XXXV,
624 1851 688 1914 quod
705 1888 711 1900 .
729 1888 734 1900 .
754 1887 760 1900 .
778 1851 897 1900 commoda
914 1868 993 1900 earum
1011 1851 1068 1916 (vgl.
1086 1853 1109 1901 S.
1124 1854 1173 1900 444
1191 1854 1219 1902 A.
1238 1855 1263 1914 4)
1281 1854 1352 1902 etiam

178 1936 283 1982 Iocorum
308 1933 441 1983 adiectione
469 1935 586 1999 ampliata
612 1939 674 1984 sunt.
710 1935 876 1983 Vermuthlich
902 1935 955 1984 sind
981 1936 1031 1984 dies
1057 1935 1115 1984 eben
1138 1937 1176 1985 die
1201 1940 1260 1986 etwa
1287 1937 1351 1985 5000

179 2017 374 2076 Knabenstellen,
399 2034 447 2066 von
473 2019 548 2067 denen
571 2019 666 2067 Plinius
680 2033 766 2082 paaep.
786 2018 816 2066 28
835 2018 949 2082 spricht.''
985 2019 1162 2068 Mommsenum
1179 2021 1254 2082 Plinii
1272 2020 1351 2068 locum

176 2103 246 2166 (Cap.
271 2102 312 2162 51)
330 2117 378 2150 nou
395 2105 456 2150 reete
472 2102 616 2150 intellexisse
634 2102 694 2150 mihi
712 2118 848 2166 persuasum
866 2105 907 2151 est.
943 2102 1011 2166 Quod
1029 2106 1055 2152 ut
1072 2107 1187 2168 appareat,
1204 2107 1268 2152 totus
1286 2103 1351 2153 locus

177 2185 342 2234 exscribendus
368 2185 428 2233 erit:
455 2186 502 2250 „At
528 2202 598 2249 quem
626 2185 764 2248 magnificus
788 2186 815 2233 in
832 2185 956 2250 publicum
974 2188 1019 2234 es?
1039 2223 1194 2236 .......
1230 2186 1294 2234 Η100
1311 2188 1348 2235 in·

177 2285 287 2318 mensum
305 2269 368 2318 latus
385 2269 442 2316 circi
459 2268 601 2333 templorum
618 2269 821 2334 pulchritudinem
839 2273 956 2332 provocat,
974 2270 1045 2333 digna
1062 2270 1149 2334 populo
1167 2270 1256 2318 victore
1272 2271 1349 2334 genti·

178 2369 220 2401 um
243 2353 315 2412 series,
341 2369 383 2402 nec
408 2353 487 2402 minus
505 2353 557 2418 ipsa
574 2353 671 2402 visenda
687 2369 758 2417 quam
776 2369 835 2416 quae
853 2370 879 2401 ex
897 2353 941 2402 illa
958 2353 1140 2417 spectabuntur:
1159 2354 1255 2403 visenda
1272 2359 1351 2403 autem

177 2453 232 2485 eum
251 2440 324 2485 cetera
341 2437 425 2501 specie,
442 2441 494 2485 tum
508 2437 571 2500 quod
587 2441 698 2500 aequatus
715 2436 791 2500 plebis
809 2453 835 2484 ac
852 2437 969 2501 principis
986 2437 1066 2495 locus;
1085 2437 1202 2501 siquidem
1221 2453 1263 2502 per
1281 2455 1350 2486 omne

178 2522 281 2584 spatium
308 2537 354 2568 una
378 2520 456 2577 facies,
482 2521 563 2568 omnia
580 2521 692 2569 continua
709 2524 732 2569 et
749 2521 821 2584 paria,
839 2536 882 2568 nec
900 2521 974 2583 magis
992 2521 1101 2585 proprius
1119 2521 1238 2585 spectandi
1257 2521 1351 2570 Caesari

178 2607 300 2666 suggestus
317 2619 387 2667 quam
406 2603 500 2667 propria
517 2619 575 2668 quae
592 2607 685 2668 spectet.
720 2603 810 2652 Licebit
828 2603 888 2666 ergo
900 2603 991 2651 civibus
1009 2604 1057 2652 tuis
1075 2609 1097 2652 te
1114 2604 1216 2652 invicem
1230 2605 1350 2652 contueri:

178 2687 273 2735 dabitur
289 2703 337 2734 non
354 2686 492 2735 cubiculum
509 2687 624 2751 principis
642 2688 682 2734 sed
699 2687 778 2750 ipsum
795 2686 928 2750 principem
946 2703 1045 2746 cernere,
1063 2687 1090 2735 in
1107 2687 1212 2750 publico,
1225 2687 1250 2734 in
1262 2687 1351 2751 populo

178 2771 304 2828 sedentem,
329 2770 425 2834 populo,
451 2771 488 2818 cui
516 2769 621 2818 locorum
647 2771 753 2834 quinque
778 2770 845 2818 milia
871 2771 985 2820 adiecisti.
1020 2771 1123 2819 Auxeras
1142 2771 1205 2818 enim
1224 2785 1350 2820 numerum

178 2855 229 2903 eius
252 2855 364 2918 oongiarii
382 2854 495 2903 facilitate
512 2855 672 2919 maioremque
689 2856 714 2903 in
732 2859 851 2920 posterum
870 2857 958 2920 suscipi
977 2855 1127 2904 liberalitatis
1144 2859 1197 2904 tuae
1214 2855 1259 2904 fide
1276 2855 1349 2904 iusse-

177 2937 240 2987 ras.'’
276 2939 398 2986 Postrema
425 2936 493 2986 verba
522 2954 571 2986 nun
596 2955 650 2986 cum
678 2939 825 2987 Mommseno
852 2939 1026 3003 interpretanda
1053 2943 1123 2987 sunt:
1149 2940 1268 3004 „Auxeras
1285 2939 1348 2987 enim

178 3037 304 3070 numerum
326 3021 394 3082 (eius)
412 3021 542 3085 congiarii'’
562 3049 594 3058 —
612 3023 667 3070 sed:
687 3024 806 3086 „Auxeras
824 3023 888 3070 enim
906 3038 1031 3070 numerum
1049 3022 1107 3079 eius,
1126 3038 1157 3072 sc.
1175 3021 1267 3086 populi,
1276 3022 1349 3086 idque

178 3104 292 3166 congiarii
318 3103 455 3153 facilitate?
491 3104 582 3168 Quodsi
608 3121 704 3168 quaeras
730 3106 846 3168 quomodo
872 3105 984 3168 congiarii
1011 3104 1124 3152 facilitate
1149 3105 1252 3168 populus
1269 3105 1348 3168 augeri

177 3187 288 3252 potuerit,
316 3187 453 3236 memineris
478 3187 607 3236 Traianum
632 3204 717 3252 pueros
743 3189 799 3236 illos
825 3189 946 3251 ingenuos,
973 3204 1032 3251 quos
1057 3187 1128 3252 paulo
1146 3188 1226 3235 minus
1244 3188 1349 3252 quinque

177 3269 246 3319 milia
267 3286 366 3319 numero
392 3271 417 3319 in
440 3271 552 3334 congiarii
578 3275 668 3335 partem
690 3272 790 3328 vocavit,
808 3272 899 3320 eosdem
917 3271 1047 3319 liberaliter
1064 3271 1159 3320 alendos
1174 3287 1273 3329 curasse,
1292 3271 1349 3320 item

177 3357 214 3415 (ut
233 3354 318 3402 docent
334 3354 414 3402 addita
432 3353 501 3402 verba
519 3354 694 3418 „maioremque
711 3355 736 3402 in
755 3357 874 3418 posterum
893 3355 979 3418 suscipi
999 3353 1148 3402 liberalitatis
1165 3358 1219 3402 tuae
1235 3355 1281 3402 tide
1299 3355 1348 3402 ius·

178 3436 267 3496 seraa’')
293 3437 356 3486 riam
382 3436 489 3500 plurium
512 3437 538 3485 in
564 3442 683 3501 posterum
710 3438 913 3501 suscipiendorum
939 3438 1064 3502 aperuisse.
1102 3437 1138 3486 lta
1156 3437 1260 3502 „populo
1278 3465 1309 3473 -
1327 3441 1349 3486 et

177 3520 295 3584 implicite
320 3521 382 3568 circo
408 3547 439 3556 —
466 3519 570 3569 locorum
595 3521 700 3585 quinque
726 3521 794 3570 milia
819 3521 946 3570 adiecisse''
964 3521 1011 3569 dici
1029 3526 1133 3585 poterat;
1152 3521 1267 3586 populum
1285 3521 1347 3569 enim

177 3621 266 3667 sugens
291 3603 347 3651 circi
373 3603 504 3667 ampliandi
533 3605 676 3652 occasionem
699 3605 770 3653 dedit.
806 3605 875 3668 Quod
892 3609 969 3654 autem
988 3605 1015 3654 C.
1034 3605 1053 3654 I.
1071 3605 1098 3654 L.
1119 3606 1158 3662 VI,
1176 3605 1223 3652 955
1243 3604 1349 3652 tribuum

177 3686 265 3735 XXXV
287 3686 409 3734 commoda
434 3686 505 3734 etiarn
531 3687 636 3735 locorum
662 3687 791 3736 adiectione
816 3688 929 3751 ampliata
959 3704 1008 3736 esse
1033 3689 1148 3746 seruntur,
1173 3688 1257 3736 docent
1274 3686 1348 3734 Plinii

178 3770 249 3819 verba
267 3787 309 3834 „ex
326 3770 364 3818 his
381 3774 422 3831 (sc.
440 3769 522 3818 incisis
540 3771 628 3834 pueris)
646 3774 727 3828 eastra,
745 3787 772 3819 ex
790 3771 828 3819 his
846 3771 922 3820 tribus
940 3771 1144 3835 replebuntur
1161 3774 1217 3831 (non
1229 3772 1349 3833 replentur

179 3853 217 3902 vel
234 3856 339 3918 repletae
354 3852 436 3912 sunt)’'
454 3853 549 3915 (Paneg.
568 3850 608 3912 28)
626 3854 668 3902 hos
686 3870 770 3918 pucros
787 3855 892 3902 nondum
911 3871 964 3902 cum
980 3855 1061 3902 ceteris
1070 3853 1200 3902 tribulibus
1209 3855 1288 3901 eadem
1298 3853 1350 3901 iura

178 3939 258 3985 nactos
284 3953 333 3984 esse
356 3952 430 4000 neque
448 3935 521 4000 igitur
540 3935 609 3984 illinc
627 3937 677 4000 cogi
696 3954 763 4000 posse
781 3954 862 3985 eorum
881 3938 977 3986 nomina
995 3938 1021 3985 in
1039 3953 1175 3984 communes
1193 3936 1284 3984 tabulas
1301 3952 1350 3985 esse

179 4019 259 4068 relata.
295 4019 328 4068 Hi
358 4021 424 4084 pueri
450 4025 537 4078 autem,
563 4019 610 4067 nisi
630 4019 709 4078 fallor,
735 4019 810 4068 simili
838 4021 907 4068 modo
933 4020 979 4068 dici
1005 4023 1103 4084 possunt
1125 4020 1151 4067 iu
1169 4019 1245 4068 tribus
1263 4021 1349 4083 recepti

176 4119 226 4151 esse
251 4105 321 4166 atque
339 4103 365 4152 C.
384 4103 403 4152 I.
425 4105 452 4152 L.
471 4103 511 4161 VI,
532 4102 613 4151 10220
631 4105 654 4150 et
672 4102 752 4150 10221
772 4104 817 4150 duo
835 4103 874 4150 illi
892 4102 986 4167 pueruli
1005 4104 1190 4152 adnumerantur
1207 4103 1233 4151 in
1250 4102 1349 4166 collegio

175 4188 333 4236 aeneatorum.
360 4185 407 4250 (ct.
433 4203 500 4252 pagg.
528 4186 575 4234 159
602 4186 656 4236 adn.
675 4187 698 4245 7,
717 4185 765 4234 160
783 4185 837 4234 adn.
856 4185 880 4244 3,
898 4185 945 4236 208
963 4186 1017 4236 adn.
1037 4185 1059 4246 1,
1077 4189 1100 4234 et
1117 4185 1235 4237 Addeada
1252 4189 1276 4236 et
1293 4185 1349 4236 Cor·
