<?xml version="1.0" encoding="UTF-8"?>
<!DOCTYPE html PUBLIC "-//W3C//DTD XHTML 1.0 Transitional//EN"
    "http://www.w3.org/TR/xhtml1/DTD/xhtml1-transitional.dtd">
<html xmlns="http://www.w3.org/1999/xhtml" xml:lang="en" lang="en">
 <head>
  <title>
</title>
<meta http-equiv="Content-Type" content="text/html;charset=utf-8" />
  <meta name='ocr-system' content='tesseract 3.04.00' />
  <meta name='ocr-capabilities' content='ocr_page ocr_carea ocr_par ocr_line ocrx_word'/>
</head>
<body>
  <div class='ocr_page' id='page_1' title='image "./depauperumcuraa00essegoog_0046.png"; bbox 0 0 3226 4998; ppageno 0'>
   <div class='ocr_carea' id='block_1_1' title="bbox 822 461 864 522">
    <p class='ocr_par' dir='ltr' id='par_1_1' title="bbox 822 461 864 522">
     <span class='ocr_line' id='line_1_1' title="bbox 822 461 864 522; baseline -0.119 0"><span class='ocrx_word' id='word_1_1' title='bbox 822 461 864 522; x_wconf 63' lang='lat' dir='ltr'>ts</span> 
     </span>
    </p>
   </div>
   <div class='ocr_carea' id='block_1_2' title="bbox 251 635 1434 1750">
    <p class='ocr_par' dir='ltr' id='par_1_2' title="bbox 251 635 1434 1750">
     <span class='ocr_line' id='line_1_2' title="bbox 251 635 1432 726; baseline 0 -24"><span class='ocrx_word' id='word_1_2' title='bbox 251 637 327 724; x_wconf 83' lang='lat' dir='ltr'>Ipse</span> <span class='ocrx_word' id='word_1_3' title='bbox 351 637 470 704; x_wconf 85' lang='lat' dir='ltr'>Cicero</span> <span class='ocrx_word' id='word_1_4' title='bbox 492 637 576 704; x_wconf 83' lang='lat' dir='ltr'>dicit</span> <span class='ocrx_word' id='word_1_5' title='bbox 601 646 694 714; x_wconf 73' lang='lat' dir='ltr'>„tum</span> <span class='ocrx_word' id='word_1_6' title='bbox 718 637 753 707; x_wconf 84' lang='lat' dir='ltr'>Ii.</span> <span class='ocrx_word' id='word_1_7' title='bbox 778 659 807 702; x_wconf 85' lang='lat' dir='ltr'>e.</span> <span class='ocrx_word' id='word_1_8' title='bbox 831 638 1043 726; x_wconf 72' lang='lat' dir='ltr'><strong>temporibus</strong></span> <span class='ocrx_word' id='word_1_9' title='bbox 1057 637 1197 705; x_wconf 86' lang='lat' dir='ltr'>Romuli</span> <span class='ocrx_word' id='word_1_10' title='bbox 1211 635 1312 722; x_wconf 82' lang='lat' dir='ltr'>regis)</span> <span class='ocrx_word' id='word_1_11' title='bbox 1325 636 1432 702; x_wconf 57' lang='lat' dir='ltr'>fuine</span> 
     </span>
     <span class='ocr_line' id='line_1_3' title="bbox 253 750 1434 840; baseline 0 -24"><span class='ocrx_word' id='word_1_12' title='bbox 253 773 325 816; x_wconf 87' lang='lat' dir='ltr'>rem</span> <span class='ocrx_word' id='word_1_13' title='bbox 359 751 394 816; x_wconf 90' lang='lat' dir='ltr'>in</span> <span class='ocrx_word' id='word_1_14' title='bbox 430 772 550 838; x_wconf 78' lang='lat' dir='ltr'>peeoro</span> <span class='ocrx_word' id='word_1_15' title='bbox 584 759 617 816; x_wconf 92' lang='lat' dir='ltr'>et</span> <span class='ocrx_word' id='word_1_16' title='bbox 649 750 801 817; x_wconf 71' lang='lat' dir='ltr'>locorum</span> <span class='ocrx_word' id='word_1_17' title='bbox 818 752 1115 840; x_wconf 61' lang='lat' dir='ltr'>possessiombusff&#39;</span> <span class='ocrx_word' id='word_1_18' title='bbox 1141 750 1167 838; x_wconf 81' lang='lat'>¹)</span> <span class='ocrx_word' id='word_1_19' title='bbox 1189 750 1293 816; x_wconf 90' lang='lat' dir='ltr'>Initio</span> <span class='ocrx_word' id='word_1_20' title='bbox 1316 750 1434 816; x_wconf 77' lang='lat' dir='ltr'>euius-</span> 
     </span>
     <span class='ocr_line' id='line_1_4' title="bbox 253 862 1433 952; baseline -0.001 -22"><span class='ocrx_word' id='word_1_21' title='bbox 253 865 303 930; x_wconf 80' lang='lat' dir='ltr'>vis</span> <span class='ocrx_word' id='word_1_22' title='bbox 325 865 459 950; x_wconf 73' lang='lat' dir='ltr'>generis</span> <span class='ocrx_word' id='word_1_23' title='bbox 483 865 629 952; x_wconf 83' lang='lat' dir='ltr'>pecunia</span> <span class='ocrx_word' id='word_1_24' title='bbox 651 865 812 930; x_wconf 82' lang='lat' dir='ltr'>carebant</span> <span class='ocrx_word' id='word_1_25' title='bbox 836 867 983 932; x_wconf 87' lang='lat' dir='ltr'>Romani</span> <span class='ocrx_word' id='word_1_26' title='bbox 996 865 1023 952; x_wconf 71' lang='lat' dir='ltr'>’t</span> <span class='ocrx_word' id='word_1_27' title='bbox 1038 867 1074 931; x_wconf 91' lang='lat' dir='ltr'>in</span> <span class='ocrx_word' id='word_1_28' title='bbox 1088 888 1123 932; x_wconf 93' lang='lat' dir='ltr'>re</span> <span class='ocrx_word' id='word_1_29' title='bbox 1135 863 1306 951; x_wconf 84' lang='lat' dir='ltr'>gerenda:</span> <span class='ocrx_word' id='word_1_30' title='bbox 1320 862 1433 930; x_wconf 77' lang='lat' dir='ltr'>boves</span> 
     </span>
     <span class='ocr_line' id='line_1_5' title="bbox 252 975 1429 1066; baseline 0.001 -26"><span class='ocrx_word' id='word_1_31' title='bbox 252 997 401 1066; x_wconf 82' lang='lat' dir='ltr'>ovesque</span> <span class='ocrx_word' id='word_1_32' title='bbox 425 978 515 1044; x_wconf 87' lang='lat' dir='ltr'>inter</span> <span class='ocrx_word' id='word_1_33' title='bbox 537 1000 571 1044; x_wconf 85' lang='lat' dir='ltr'>se</span> <span class='ocrx_word' id='word_1_34' title='bbox 596 979 786 1044; x_wconf 85' lang='lat' dir='ltr'>mutabant.</span> <span class='ocrx_word' id='word_1_35' title='bbox 810 979 942 1046; x_wconf 86' lang='lat' dir='ltr'>Deinde</span> <span class='ocrx_word' id='word_1_36' title='bbox 965 1003 1021 1046; x_wconf 87' lang='lat' dir='ltr'>aes</span> <span class='ocrx_word' id='word_1_37' title='bbox 1044 979 1186 1066; x_wconf 87' lang='lat' dir='ltr'>quidem</span> <span class='ocrx_word' id='word_1_38' title='bbox 1202 975 1429 1064; x_wconf 77' lang='lat' dir='ltr'><strong>usurpabant,</strong></span> 
     </span>
     <span class='ocr_line' id='line_1_6' title="bbox 252 1091 1429 1180; baseline -0.001 -24"><span class='ocrx_word' id='word_1_39' title='bbox 252 1097 404 1158; x_wconf 80' lang='lat' dir='ltr'>attamen</span> <span class='ocrx_word' id='word_1_40' title='bbox 440 1113 509 1157; x_wconf 90' lang='lat' dir='ltr'>non</span> <span class='ocrx_word' id='word_1_41' title='bbox 533 1113 694 1159; x_wconf 81' lang='lat' dir='ltr'>nummos</span> <span class='ocrx_word' id='word_1_42' title='bbox 717 1115 786 1158; x_wconf 86' lang='lat' dir='ltr'>una</span> <span class='ocrx_word' id='word_1_43' title='bbox 817 1095 924 1159; x_wconf 82' lang='lat' dir='ltr'>torma</span> <span class='ocrx_word' id='word_1_44' title='bbox 951 1115 1134 1180; x_wconf 69' lang='lat' dir='ltr'>pereussos</span> <span class='ocrx_word' id='word_1_45' title='bbox 1158 1093 1218 1159; x_wconf 85' lang='lat' dir='ltr'>sed</span> <span class='ocrx_word' id='word_1_46' title='bbox 1240 1091 1318 1157; x_wconf 92' lang='lat' dir='ltr'>rudi</span> <span class='ocrx_word' id='word_1_47' title='bbox 1341 1112 1429 1178; x_wconf 93' lang='lat' dir='ltr'>pon-</span> 
     </span>
     <span class='ocr_line' id='line_1_7' title="bbox 252 1204 1426 1292; baseline 0.003 -22"><span class='ocrx_word' id='word_1_48' title='bbox 252 1204 342 1286; x_wconf 85' lang='lat' dir='ltr'>dere,</span> <span class='ocrx_word' id='word_1_49' title='bbox 363 1205 456 1292; x_wconf 88' lang='lat' dir='ltr'>quod</span> <span class='ocrx_word' id='word_1_50' title='bbox 480 1205 676 1292; x_wconf 81' lang='lat' dir='ltr'>pendebant</span> <span class='ocrx_word' id='word_1_51' title='bbox 698 1204 734 1292; x_wconf 79' lang='lat'>⁸),</span> <span class='ocrx_word' id='word_1_52' title='bbox 760 1229 830 1273; x_wconf 91' lang='lat' dir='ltr'>nou</span> <span class='ocrx_word' id='word_1_53' title='bbox 853 1207 1091 1274; x_wconf 74' lang='lat' dir='ltr'>numerabant.</span> <span class='ocrx_word' id='word_1_54' title='bbox 1136 1208 1224 1272; x_wconf 86' lang='lat' dir='ltr'>Cum</span> <span class='ocrx_word' id='word_1_55' title='bbox 1237 1206 1426 1274; x_wconf 76' lang='lat' dir='ltr'>decemviri</span> 
     </span>
     <span class='ocr_line' id='line_1_8' title="bbox 253 1317 1427 1409; baseline 0.003 -27"><span class='ocrx_word' id='word_1_56' title='bbox 253 1317 386 1402; x_wconf 81' lang='lat' dir='ltr'>legibus</span> <span class='ocrx_word' id='word_1_57' title='bbox 409 1318 596 1386; x_wconf 74' lang='lat' dir='ltr'>scribendis</span> <span class='ocrx_word' id='word_1_58' title='bbox 618 1341 759 1406; x_wconf 88' lang='lat' dir='ltr'>operam</span> <span class='ocrx_word' id='word_1_59' title='bbox 782 1321 912 1402; x_wconf 80' lang='lat' dir='ltr'>darent,</span> <span class='ocrx_word' id='word_1_60' title='bbox 936 1322 1088 1409; x_wconf 90' lang='lat' dir='ltr'>primum</span> <span class='ocrx_word' id='word_1_61' title='bbox 1112 1342 1273 1387; x_wconf 90' lang='lat' dir='ltr'>nummos</span> <span class='ocrx_word' id='word_1_62' title='bbox 1284 1321 1321 1385; x_wconf 93' lang='lat' dir='ltr'>in</span> <span class='ocrx_word' id='word_1_63' title='bbox 1333 1341 1427 1386; x_wconf 88' lang='lat' dir='ltr'>oom-</span> 
     </span>
     <span class='ocr_line' id='line_1_9' title="bbox 255 1433 1423 1522; baseline 0.002 -24"><span class='ocrx_word' id='word_1_64' title='bbox 255 1453 397 1498; x_wconf 84' lang='lat' dir='ltr'>munem</span> <span class='ocrx_word' id='word_1_65' title='bbox 420 1454 522 1498; x_wconf 88' lang='lat' dir='ltr'>usum</span> <span class='ocrx_word' id='word_1_66' title='bbox 548 1433 679 1500; x_wconf 85' lang='lat' dir='ltr'>venisse</span> <span class='ocrx_word' id='word_1_67' title='bbox 703 1434 897 1501; x_wconf 84' lang='lat' dir='ltr'>Mommsen</span> <span class='ocrx_word' id='word_1_68' title='bbox 921 1441 946 1522; x_wconf 74' lang='lat'>⁴)</span> <span class='ocrx_word' id='word_1_69' title='bbox 969 1434 1144 1502; x_wconf 83' lang='lat' dir='ltr'>contendit</span> <span class='ocrx_word' id='word_1_70' title='bbox 1168 1440 1203 1520; x_wconf 55' lang='grc' dir='ltr'>ἒ),</span> <span class='ocrx_word' id='word_1_71' title='bbox 1228 1456 1285 1500; x_wconf 91' lang='lat' dir='ltr'>aes</span> <span class='ocrx_word' id='word_1_72' title='bbox 1307 1455 1423 1519; x_wconf 80' lang='lat' dir='ltr'>grave,</span> 
     </span>
     <span class='ocr_line' id='line_1_10' title="bbox 255 1546 1425 1636; baseline 0.003 -27"><span class='ocrx_word' id='word_1_73' title='bbox 255 1546 347 1632; x_wconf 87' lang='lat' dir='ltr'>quod</span> <span class='ocrx_word' id='word_1_74' title='bbox 370 1546 504 1628; x_wconf 84' lang='lat' dir='ltr'>dieitur,</span> <span class='ocrx_word' id='word_1_75' title='bbox 529 1547 631 1634; x_wconf 88' lang='lat' dir='ltr'>quod,</span> <span class='ocrx_word' id='word_1_76' title='bbox 644 1548 672 1613; x_wconf 87' lang='lat' dir='ltr'>si</span> <span class='ocrx_word' id='word_1_77' title='bbox 685 1571 853 1633; x_wconf 89' lang='lat' dir='ltr'>magnum</span> <span class='ocrx_word' id='word_1_78' title='bbox 864 1557 945 1630; x_wconf 87' lang='lat' dir='ltr'>erat,</span> <span class='ocrx_word' id='word_1_79' title='bbox 960 1548 1015 1616; x_wconf 84' lang='lat' dir='ltr'>vel</span> <span class='ocrx_word' id='word_1_80' title='bbox 1027 1548 1187 1636; x_wconf 83' lang='lat' dir='ltr'>plaustris</span> <span class='ocrx_word' id='word_1_81' title='bbox 1199 1547 1381 1614; x_wconf 85' lang='lat' dir='ltr'>vehebant.</span> <span class='ocrx_word' id='word_1_82' title='bbox 1397 1546 1425 1634; x_wconf 82' lang='lat'>⁶)</span> 
     </span>
     <span class='ocr_line' id='line_1_11' title="bbox 254 1659 1427 1750; baseline 0 -25"><span class='ocrx_word' id='word_1_83' title='bbox 254 1659 348 1745; x_wconf 82' lang='lat' dir='ltr'>Rege</span> <span class='ocrx_word' id='word_1_84' title='bbox 382 1660 516 1746; x_wconf 84' lang='lat' dir='ltr'>Pyrrho</span> <span class='ocrx_word' id='word_1_85' title='bbox 550 1661 691 1728; x_wconf 90' lang='lat' dir='ltr'>demum</span> <span class='ocrx_word' id='word_1_86' title='bbox 714 1663 848 1729; x_wconf 86' lang='lat' dir='ltr'>devicto</span> <span class='ocrx_word' id='word_1_87' title='bbox 872 1663 1019 1750; x_wconf 90' lang='lat' dir='ltr'>populus</span> <span class='ocrx_word' id='word_1_88' title='bbox 1031 1663 1209 1728; x_wconf 88' lang='lat' dir='ltr'>Romanus</span> <span class='ocrx_word' id='word_1_89' title='bbox 1225 1667 1366 1747; x_wconf 86' lang='lat' dir='ltr'>argento</span> <span class='ocrx_word' id='word_1_90' title='bbox 1380 1661 1427 1726; x_wconf 92' lang='lat' dir='ltr'>si-</span> 
     </span>
    </p>
   </div>
   <div class='ocr_carea' id='block_1_3' title="bbox 250 1945 1425 4166">
    <p class='ocr_par' dir='ltr' id='par_1_3' title="bbox 252 1945 1425 2496">
     <span class='ocr_line' id='line_1_12' title="bbox 352 1945 1425 2014; baseline 0 -18"><span class='ocrx_word' id='word_1_91' title='bbox 352 1945 463 1997; x_wconf 72' lang='lat' dir='ltr'>solvende</span> <span class='ocrx_word' id='word_1_92' title='bbox 489 1964 530 2013; x_wconf 86' lang='lat' dir='ltr'>pro</span> <span class='ocrx_word' id='word_1_93' title='bbox 556 1953 617 1998; x_wconf 86' lang='lat' dir='ltr'>sorte</span> <span class='ocrx_word' id='word_1_94' title='bbox 643 1949 714 1998; x_wconf 85' lang='lat' dir='ltr'>unius</span> <span class='ocrx_word' id='word_1_95' title='bbox 738 1951 797 1998; x_wconf 76' lang='lat' dir='ltr'>assis</span> <span class='ocrx_word' id='word_1_96' title='bbox 824 1950 937 2013; x_wconf 72' lang='lat' dir='ltr'>(8¹!‚⁰l.)‚</span> <span class='ocrx_word' id='word_1_97' title='bbox 959 1951 1022 2014; x_wconf 87' lang='lat' dir='ltr'>quod</span> <span class='ocrx_word' id='word_1_98' title='bbox 1046 1950 1103 1999; x_wconf 80' lang='lat' dir='ltr'>lacit</span> <span class='ocrx_word' id='word_1_99' title='bbox 1120 1953 1208 2014; x_wconf 75' lang='lat' dir='ltr'>purtem</span> <span class='ocrx_word' id='word_1_100' title='bbox 1233 1947 1291 1996; x_wconf 76' lang='lat' dir='ltr'>assis</span> <span class='ocrx_word' id='word_1_101' title='bbox 1308 1947 1425 1996; x_wconf 75' lang='lat' dir='ltr'>decimam</span> 
     </span>
     <span class='ocr_line' id='line_1_13' title="bbox 352 2028 1425 2097; baseline -0.003 -18"><span class='ocrx_word' id='word_1_102' title='bbox 352 2030 436 2096; x_wconf 78' lang='lat' dir='ltr'>quovis</span> <span class='ocrx_word' id='word_1_103' title='bbox 453 2047 515 2080; x_wconf 81' lang='lat' dir='ltr'>enno</span> <span class='ocrx_word' id='word_1_104' title='bbox 531 2032 666 2080; x_wconf 82' lang='lat' dir='ltr'>duodenum</span> <span class='ocrx_word' id='word_1_105' title='bbox 683 2033 802 2081; x_wconf 75' lang='lat' dir='ltr'>mensium</span> <span class='ocrx_word' id='word_1_106' title='bbox 820 2033 955 2082; x_wconf 79' lang='lat' dir='ltr'>solvendum</span> <span class='ocrx_word' id='word_1_107' title='bbox 975 2049 1016 2097; x_wconf 90' lang='lat' dir='ltr'>pro</span> <span class='ocrx_word' id='word_1_108' title='bbox 1033 2037 1094 2080; x_wconf 87' lang='lat' dir='ltr'>sorte</span> <span class='ocrx_word' id='word_1_109' title='bbox 1111 2033 1183 2080; x_wconf 81' lang='lat' dir='ltr'>unius</span> <span class='ocrx_word' id='word_1_110' title='bbox 1199 2031 1258 2079; x_wconf 76' lang='lat' dir='ltr'>assis</span> <span class='ocrx_word' id='word_1_111' title='bbox 1275 2029 1367 2092; x_wconf 62' lang='lat' dir='ltr'>(lotp.</span> <span class='ocrx_word' id='word_1_112' title='bbox 1385 2028 1425 2076; x_wconf 79' lang='lat' dir='ltr'>CI.</span> 
     </span>
     <span class='ocr_line' id='line_1_14' title="bbox 354 2112 1424 2180; baseline -0.003 -17"><span class='ocrx_word' id='word_1_113' title='bbox 354 2112 462 2163; x_wconf 77' lang='lat' dir='ltr'>Duremb.</span> <span class='ocrx_word' id='word_1_114' title='bbox 488 2119 512 2164; x_wconf 88' lang='lat' dir='ltr'>et</span> <span class='ocrx_word' id='word_1_115' title='bbox 539 2114 610 2180; x_wconf 74' lang='lat' dir='ltr'>Segl,</span> <span class='ocrx_word' id='word_1_116' title='bbox 636 2115 698 2164; x_wconf 81' lang='lat' dir='ltr'>Diet.</span> <span class='ocrx_word' id='word_1_117' title='bbox 716 2116 756 2163; x_wconf 87' lang='lat' dir='ltr'>des</span> <span class='ocrx_word' id='word_1_118' title='bbox 778 2116 868 2179; x_wconf 79' lang='lat' dir='ltr'>Antiq,</span> <span class='ocrx_word' id='word_1_119' title='bbox 885 2132 904 2162; x_wconf 90' lang='lat' dir='ltr'>s.</span> <span class='ocrx_word' id='word_1_120' title='bbox 923 2131 945 2162; x_wconf 86' lang='lat' dir='ltr'>v.</span> <span class='ocrx_word' id='word_1_121' title='bbox 958 2115 1082 2180; x_wconf 75' lang='lat' dir='ltr'>soenss”;</span> <span class='ocrx_word' id='word_1_122' title='bbox 1101 2114 1177 2178; x_wconf 84' lang='lat' dir='ltr'>Msrq.</span> <span class='ocrx_word' id='word_1_123' title='bbox 1195 2113 1248 2161; x_wconf 79' lang='lat' dir='ltr'>stv.</span> <span class='ocrx_word' id='word_1_124' title='bbox 1267 2112 1303 2160; x_wconf 88' lang='lat' dir='ltr'>ll¹</span> <span class='ocrx_word' id='word_1_125' title='bbox 1320 2129 1371 2176; x_wconf 68' lang='lat' dir='ltr'>pag.</span> <span class='ocrx_word' id='word_1_126' title='bbox 1390 2114 1424 2161; x_wconf 80' lang='lat'>58</span> 
     </span>
     <span class='ocr_line' id='line_1_15' title="bbox 352 2196 1162 2260; baseline -0.002 -14"><span class='ocrx_word' id='word_1_127' title='bbox 352 2211 416 2260; x_wconf 47' lang='lat' dir='ltr'>seqq</span> <span class='ocrx_word' id='word_1_128' title='bbox 434 2196 551 2256; x_wconf 62' lang='lat' dir='ltr'>Streubm</span> <span class='ocrx_word' id='word_1_129' title='bbox 569 2197 617 2245; x_wconf 87' lang='lat' dir='ltr'>Der</span> <span class='ocrx_word' id='word_1_130' title='bbox 633 2197 740 2246; x_wconf 80' lang='lat' dir='ltr'>ZInst&#39;uss</span> <span class='ocrx_word' id='word_1_131' title='bbox 757 2197 794 2246; x_wconf 89' lang='lat' dir='ltr'>bei</span> <span class='ocrx_word' id='word_1_132' title='bbox 812 2198 857 2246; x_wconf 87' lang='lat' dir='ltr'>deu</span> <span class='ocrx_word' id='word_1_133' title='bbox 875 2198 985 2255; x_wconf 74' lang='lat' dir='ltr'>Romern,</span> <span class='ocrx_word' id='word_1_134' title='bbox 1003 2197 1071 2246; x_wconf 83' lang='lat' dir='ltr'>Bssel</span> <span class='ocrx_word' id='word_1_135' title='bbox 1090 2197 1162 2249; x_wconf 82' lang='lat'>1857.</span> 
     </span>
     <span class='ocr_line' id='line_1_16' title="bbox 284 2277 1104 2345; baseline 0.002 -19"><span class='ocrx_word' id='word_1_136' title='bbox 284 2277 320 2326; x_wconf 77' lang='lat' dir='ltr'>so.</span> <span class='ocrx_word' id='word_1_137' title='bbox 338 2294 368 2326; x_wconf 72' lang='lat' dir='ltr'>et</span> <span class='ocrx_word' id='word_1_138' title='bbox 380 2295 458 2344; x_wconf 78' lang='lat' dir='ltr'>pareo</span> <span class='ocrx_word' id='word_1_139' title='bbox 471 2279 557 2344; x_wconf 79' lang='lat' dir='ltr'>pretio,</span> <span class='ocrx_word' id='word_1_140' title='bbox 574 2279 638 2344; x_wconf 79' lang='lat' dir='ltr'>quod</span> <span class='ocrx_word' id='word_1_141' title='bbox 652 2280 764 2329; x_wconf 76' lang='lat' dir='ltr'>habereut</span> <span class='ocrx_word' id='word_1_142' title='bbox 779 2281 834 2344; x_wconf 65' lang='lat' dir='ltr'>apri</span> <span class='ocrx_word' id='word_1_143' title='bbox 844 2281 994 2345; x_wconf 71' lang='lat' dir='ltr'>frumentum</span> <span class='ocrx_word' id='word_1_144' title='bbox 1009 2297 1104 2344; x_wconf 82' lang='lat' dir='ltr'>pecora.</span> 
     </span>
     <span class='ocr_line' id='line_1_17' title="bbox 285 2362 1424 2427; baseline 0 -17"><span class='ocrx_word' id='word_1_145' title='bbox 285 2363 322 2410; x_wconf 73' lang='lat' dir='ltr'>lo.</span> <span class='ocrx_word' id='word_1_146' title='bbox 340 2377 369 2412; x_wconf 72' lang='lat' dir='ltr'>ea·</span> <span class='ocrx_word' id='word_1_147' title='bbox 386 2377 456 2412; x_wconf 75' lang='lat' dir='ltr'>censu</span> <span class='ocrx_word' id='word_1_148' title='bbox 472 2362 619 2426; x_wconf 70' lang='lat' dir='ltr'>simarum</span> <span class='ocrx_word' id='word_1_149' title='bbox 637 2363 755 2421; x_wconf 75' lang='lat' dir='ltr'>classium,</span> <span class='ocrx_word' id='word_1_150' title='bbox 773 2364 799 2411; x_wconf 79' lang='lat' dir='ltr'>in</span> <span class='ocrx_word' id='word_1_151' title='bbox 816 2379 875 2427; x_wconf 80' lang='lat' dir='ltr'>quas</span> <span class='ocrx_word' id='word_1_152' title='bbox 892 2363 985 2412; x_wconf 76' lang='lat' dir='ltr'>Servius</span> <span class='ocrx_word' id='word_1_153' title='bbox 1006 2363 1098 2412; x_wconf 74' lang='lat' dir='ltr'>Tullius</span> <span class='ocrx_word' id='word_1_154' title='bbox 1115 2379 1156 2411; x_wconf 72' lang='lat' dir='ltr'>ree</span> <span class='ocrx_word' id='word_1_155' title='bbox 1169 2363 1283 2427; x_wconf 66' lang='lat' dir='ltr'>populun</span> <span class='ocrx_word' id='word_1_156' title='bbox 1292 2363 1424 2410; x_wconf 65' lang='lat' dir='ltr'>&amp;nasum</span> 
     </span>
     <span class='ocr_line' id='line_1_18' title="bbox 252 2443 479 2496; baseline 0.004 -2"><span class='ocrx_word' id='word_1_157' title='bbox 252 2443 364 2494; x_wconf 73' lang='lat' dir='ltr'>divisim</span> <span class='ocrx_word' id='word_1_158' title='bbox 376 2445 479 2496; x_wconf 67' lang='lat' dir='ltr'>dicatur.</span> 
     </span>
    </p>

    <p class='ocr_par' dir='ltr' id='par_1_4' title="bbox 350 2527 1424 3588">
     <span class='ocr_line' id='line_1_19' title="bbox 386 2527 1424 2593; baseline -0.002 -17"><span class='ocrx_word' id='word_1_159' title='bbox 386 2527 456 2592; x_wconf 81' lang='lat' dir='ltr'>Voigt</span> <span class='ocrx_word' id='word_1_160' title='bbox 472 2528 528 2590; x_wconf 81' lang='lat' dir='ltr'>(XII</span> <span class='ocrx_word' id='word_1_161' title='bbox 546 2528 627 2577; x_wconf 82' lang='lat' dir='ltr'>&#39;l&#39;eleln</span> <span class='ocrx_word' id='word_1_162' title='bbox 647 2529 657 2576; x_wconf 97' lang='lat' dir='ltr'>l</span> <span class='ocrx_word' id='word_1_163' title='bbox 676 2545 726 2593; x_wconf 75' lang='lat' dir='ltr'>pag.</span> <span class='ocrx_word' id='word_1_164' title='bbox 745 2530 785 2590; x_wconf 77' lang='grc'>20)</span> <span class='ocrx_word' id='word_1_165' title='bbox 803 2529 843 2593; x_wconf 91' lang='lat' dir='ltr'>qui</span> <span class='ocrx_word' id='word_1_166' title='bbox 862 2545 915 2577; x_wconf 86' lang='lat' dir='ltr'>eum</span> <span class='ocrx_word' id='word_1_167' title='bbox 934 2529 1017 2578; x_wconf 87' lang='lat' dir='ltr'>multis</span> <span class='ocrx_word' id='word_1_168' title='bbox 1035 2530 1092 2578; x_wconf 83' lang='lat' dir='ltr'>viris</span> <span class='ocrx_word' id='word_1_169' title='bbox 1108 2530 1183 2578; x_wconf 84' lang='lat' dir='ltr'>doctis</span> <span class='ocrx_word' id='word_1_170' title='bbox 1200 2534 1266 2593; x_wconf 86' lang='lat' dir='ltr'>putat</span> <span class='ocrx_word' id='word_1_171' title='bbox 1283 2533 1349 2577; x_wconf 89' lang='lat' dir='ltr'>notos</span> <span class='ocrx_word' id='word_1_172' title='bbox 1367 2527 1424 2575; x_wconf 89' lang='lat' dir='ltr'>illos</span> 
     </span>
     <span class='ocr_line' id='line_1_20' title="bbox 353 2611 1424 2676; baseline -0.002 -16"><span class='ocrx_word' id='word_1_173' title='bbox 353 2627 471 2670; x_wconf 83' lang='lat' dir='ltr'>numeros,</span> <span class='ocrx_word' id='word_1_174' title='bbox 489 2627 547 2676; x_wconf 86' lang='lat' dir='ltr'>quos</span> <span class='ocrx_word' id='word_1_175' title='bbox 565 2611 662 2660; x_wconf 83' lang='lat' dir='ltr'>tradunt</span> <span class='ocrx_word' id='word_1_176' title='bbox 679 2613 810 2676; x_wconf 73' lang='lat' dir='ltr'>scriptores,</span> <span class='ocrx_word' id='word_1_177' title='bbox 828 2628 877 2660; x_wconf 86' lang='lat' dir='ltr'>esse</span> <span class='ocrx_word' id='word_1_178' title='bbox 894 2613 982 2660; x_wconf 85' lang='lat' dir='ltr'>assium</span> <span class='ocrx_word' id='word_1_179' title='bbox 1001 2613 1203 2670; x_wconf 77' lang='lat' dir='ltr'>sextantariorum,</span> <span class='ocrx_word' id='word_1_180' title='bbox 1220 2627 1315 2660; x_wconf 87' lang='lat' dir='ltr'>oensum</span> <span class='ocrx_word' id='word_1_181' title='bbox 1334 2611 1424 2674; x_wconf 80' lang='lat' dir='ltr'>primae</span> 
     </span>
     <span class='ocr_line' id='line_1_21' title="bbox 353 2693 1422 2760; baseline -0.001 -18"><span class='ocrx_word' id='word_1_182' title='bbox 353 2693 442 2753; x_wconf 68' lang='lat' dir='ltr'>«elassis,</span> <span class='ocrx_word' id='word_1_183' title='bbox 460 2694 566 2744; x_wconf 74' lang='lat' dir='ltr'>adseris</span> <span class='ocrx_word' id='word_1_184' title='bbox 582 2695 661 2758; x_wconf 80' lang='lat' dir='ltr'>gravis</span> <span class='ocrx_word' id='word_1_185' title='bbox 680 2695 793 2744; x_wconf 82' lang='lat' dir='ltr'>rationem</span> <span class='ocrx_word' id='word_1_186' title='bbox 810 2699 950 2754; x_wconf 67' lang='lat' dir='ltr'>revocatum,</span> <span class='ocrx_word' id='word_1_187' title='bbox 968 2712 1015 2744; x_wconf 89' lang='lat' dir='ltr'>uon</span> <span class='ocrx_word' id='word_1_188' title='bbox 1032 2695 1136 2760; x_wconf 83' lang='lat' dir='ltr'>amplius</span> <span class='ocrx_word' id='word_1_189' title='bbox 1154 2695 1240 2759; x_wconf 74' lang='lat' dir='ltr'>viginti</span> <span class='ocrx_word' id='word_1_190' title='bbox 1257 2693 1422 2743; x_wconf 79' lang='lat' dir='ltr'>milissssium</span> 
     </span>
     <span class='ocr_line' id='line_1_22' title="bbox 353 2777 1421 2842; baseline -0.002 -16"><span class='ocrx_word' id='word_1_191' title='bbox 353 2777 503 2826; x_wconf 80' lang='lat' dir='ltr'>librariorum</span> <span class='ocrx_word' id='word_1_192' title='bbox 521 2777 594 2826; x_wconf 80' lang='lat' dir='ltr'>luisse</span> <span class='ocrx_word' id='word_1_193' title='bbox 610 2783 782 2827; x_wconf 81' lang='lat' dir='ltr'>commemoret.</span> <span class='ocrx_word' id='word_1_194' title='bbox 802 2778 935 2826; x_wconf 76' lang='lat' dir='ltr'>Mommsen</span> <span class='ocrx_word' id='word_1_195' title='bbox 953 2778 1016 2838; x_wconf 79' lang='lat' dir='ltr'>(sut.</span> <span class='ocrx_word' id='word_1_196' title='bbox 1033 2779 1069 2826; x_wconf 96' lang='lat' dir='ltr'>lll</span> <span class='ocrx_word' id='word_1_197' title='bbox 1083 2795 1133 2842; x_wconf 72' lang='lat' dir='ltr'>pag.</span> <span class='ocrx_word' id='word_1_198' title='bbox 1153 2778 1214 2833; x_wconf 78' lang='lat'>249;</span> <span class='ocrx_word' id='word_1_199' title='bbox 1233 2778 1299 2825; x_wconf 74' lang='lat' dir='ltr'>Rom.</span> <span class='ocrx_word' id='word_1_200' title='bbox 1318 2777 1421 2825; x_wconf 77' lang='lat' dir='ltr'>Mr‘mrw.</span> 
     </span>
     <span class='ocr_line' id='line_1_23' title="bbox 354 2858 1422 2924; baseline -0.001 -16"><span class='ocrx_word' id='word_1_201' title='bbox 354 2875 404 2924; x_wconf 76' lang='lat' dir='ltr'>pag.</span> <span class='ocrx_word' id='word_1_202' title='bbox 431 2858 480 2908; x_wconf 72' lang='lat'>290</span> <span class='ocrx_word' id='word_1_203' title='bbox 502 2863 575 2924; x_wconf 85' lang='lat' dir='ltr'>seqq.)</span> <span class='ocrx_word' id='word_1_204' title='bbox 593 2865 672 2909; x_wconf 79' lang='lat' dir='ltr'>oontrs</span> <span class='ocrx_word' id='word_1_205' title='bbox 688 2861 808 2909; x_wconf 89' lang='lat' dir='ltr'>oontendit</span> <span class='ocrx_word' id='word_1_206' title='bbox 824 2861 896 2908; x_wconf 82' lang='lat' dir='ltr'>fuisso</span> <span class='ocrx_word' id='word_1_207' title='bbox 914 2877 975 2908; x_wconf 83' lang='lat' dir='ltr'>asses</span> <span class='ocrx_word' id='word_1_208' title='bbox 992 2860 1118 2917; x_wconf 84' lang='lat' dir='ltr'>trientules,</span> <span class='ocrx_word' id='word_1_209' title='bbox 1135 2877 1194 2924; x_wconf 88' lang='lat' dir='ltr'>quos</span> <span class='ocrx_word' id='word_1_210' title='bbox 1208 2860 1297 2908; x_wconf 85' lang='lat' dir='ltr'>dicunt.</span> <span class='ocrx_word' id='word_1_211' title='bbox 1315 2859 1383 2924; x_wconf 72' lang='lat' dir='ltr'>Quod</span> <span class='ocrx_word' id='word_1_212' title='bbox 1402 2860 1422 2907; x_wconf 88' lang='lat' dir='ltr'>si</span> 
     </span>
     <span class='ocr_line' id='line_1_24' title="bbox 355 2943 1422 3008; baseline 0 -18"><span class='ocrx_word' id='word_1_213' title='bbox 355 2959 435 2992; x_wconf 89' lang='lat' dir='ltr'>verum</span> <span class='ocrx_word' id='word_1_214' title='bbox 458 2945 499 3001; x_wconf 85' lang='lat' dir='ltr'>est,</span> <span class='ocrx_word' id='word_1_215' title='bbox 518 2943 607 3008; x_wconf 81' lang='lat' dir='ltr'>primae</span> <span class='ocrx_word' id='word_1_216' title='bbox 625 2943 707 2992; x_wconf 83' lang='lat' dir='ltr'>elassis</span> <span class='ocrx_word' id='word_1_217' title='bbox 724 2960 806 2992; x_wconf 85' lang='lat' dir='ltr'>oensus</span> <span class='ocrx_word' id='word_1_218' title='bbox 824 2943 977 3007; x_wconf 75' lang='lat' dir='ltr'>quadraginta</span> <span class='ocrx_word' id='word_1_219' title='bbox 993 2943 1061 2991; x_wconf 85' lang='lat' dir='ltr'>milis</span> <span class='ocrx_word' id='word_1_220' title='bbox 1077 2943 1155 3006; x_wconf 79' lang='lat' dir='ltr'>gravis</span> <span class='ocrx_word' id='word_1_221' title='bbox 1171 2943 1231 2991; x_wconf 81' lang='lat' dir='ltr'>aeris</span> <span class='ocrx_word' id='word_1_222' title='bbox 1247 2943 1320 2991; x_wconf 85' lang='lat' dir='ltr'>fuisse</span> <span class='ocrx_word' id='word_1_223' title='bbox 1337 2947 1422 3007; x_wconf 75' lang='lat' dir='ltr'>putan-</span> 
     </span>
     <span class='ocr_line' id='line_1_25' title="bbox 353 3025 1422 3090; baseline -0.002 -16"><span class='ocrx_word' id='word_1_224' title='bbox 353 3026 397 3074; x_wconf 89' lang='lat' dir='ltr'>dus</span> <span class='ocrx_word' id='word_1_225' title='bbox 423 3029 464 3074; x_wconf 83' lang='lat' dir='ltr'>est.</span> <span class='ocrx_word' id='word_1_226' title='bbox 493 3025 549 3074; x_wconf 83' lang='lat' dir='ltr'>Post</span> <span class='ocrx_word' id='word_1_227' title='bbox 574 3041 600 3074; x_wconf 85' lang='lat' dir='ltr'>ea</span> <span class='ocrx_word' id='word_1_228' title='bbox 623 3030 701 3074; x_wconf 81' lang='lat' dir='ltr'>tamen</span> <span class='ocrx_word' id='word_1_229' title='bbox 728 3043 786 3090; x_wconf 86' lang='lat' dir='ltr'>quae</span> <span class='ocrx_word' id='word_1_230' title='bbox 812 3029 915 3074; x_wconf 81' lang='lat' dir='ltr'>accurate</span> <span class='ocrx_word' id='word_1_231' title='bbox 932 3031 1001 3090; x_wconf 83' lang='lat' dir='ltr'>etque</span> <span class='ocrx_word' id='word_1_232' title='bbox 1018 3026 1132 3089; x_wconf 82' lang='lat' dir='ltr'>exquisite</span> <span class='ocrx_word' id='word_1_233' title='bbox 1149 3026 1177 3073; x_wconf 88' lang='lat' dir='ltr'>de</span> <span class='ocrx_word' id='word_1_234' title='bbox 1194 3025 1298 3088; x_wconf 86' lang='lat' dir='ltr'>antiquis</span> <span class='ocrx_word' id='word_1_235' title='bbox 1316 3026 1422 3073; x_wconf 88' lang='lat' dir='ltr'>nummis</span> 
     </span>
     <span class='ocr_line' id='line_1_26' title="bbox 353 3108 1422 3174; baseline -0.002 -16"><span class='ocrx_word' id='word_1_236' title='bbox 353 3109 463 3158; x_wconf 84' lang='lat' dir='ltr'>llomsuis</span> <span class='ocrx_word' id='word_1_237' title='bbox 487 3109 613 3174; x_wconf 82' lang='lat' dir='ltr'>dIsputuvit</span> <span class='ocrx_word' id='word_1_238' title='bbox 637 3109 744 3166; x_wconf 76' lang='lat' dir='ltr'>Samuel,</span> <span class='ocrx_word' id='word_1_239' title='bbox 767 3109 818 3157; x_wconf 85' lang='lat' dir='ltr'>iure</span> <span class='ocrx_word' id='word_1_240' title='bbox 835 3108 936 3157; x_wconf 79' lang='lat' dir='ltr'>dubitari</span> <span class='ocrx_word' id='word_1_241' title='bbox 955 3113 1030 3172; x_wconf 87' lang='lat' dir='ltr'>potest</span> <span class='ocrx_word' id='word_1_242' title='bbox 1046 3125 1076 3156; x_wconf 86' lang='lat' dir='ltr'>un</span> <span class='ocrx_word' id='word_1_243' title='bbox 1094 3108 1238 3171; x_wconf 80' lang='lat' dir='ltr'>ingeniosius</span> <span class='ocrx_word' id='word_1_244' title='bbox 1256 3124 1326 3172; x_wconf 87' lang='lat' dir='ltr'>quam</span> <span class='ocrx_word' id='word_1_245' title='bbox 1344 3108 1422 3156; x_wconf 88' lang='lat' dir='ltr'>verius</span> 
     </span>
     <span class='ocr_line' id='line_1_27' title="bbox 353 3189 1421 3258; baseline -0.003 -16"><span class='ocrx_word' id='word_1_246' title='bbox 353 3193 484 3242; x_wconf 87' lang='lat' dir='ltr'>Mommsen</span> <span class='ocrx_word' id='word_1_247' title='bbox 517 3193 644 3258; x_wconf 82' lang='lat' dir='ltr'>sumpserit</span> <span class='ocrx_word' id='word_1_248' title='bbox 670 3196 762 3256; x_wconf 87' lang='lat' dir='ltr'>tempus</span> <span class='ocrx_word' id='word_1_249' title='bbox 787 3191 868 3248; x_wconf 86' lang='lat' dir='ltr'>fuisse,</span> <span class='ocrx_word' id='word_1_250' title='bbox 894 3207 948 3238; x_wconf 88' lang='lat' dir='ltr'>oum</span> <span class='ocrx_word' id='word_1_251' title='bbox 975 3190 1073 3239; x_wconf 83' lang='lat' dir='ltr'>llomeni</span> <span class='ocrx_word' id='word_1_252' title='bbox 1099 3207 1161 3238; x_wconf 88' lang='lat' dir='ltr'>esses</span> <span class='ocrx_word' id='word_1_253' title='bbox 1187 3189 1291 3238; x_wconf 79' lang='lat' dir='ltr'>trientali</span> <span class='ocrx_word' id='word_1_254' title='bbox 1319 3191 1421 3255; x_wconf 89' lang='lat' dir='ltr'>pondere</span> 
     </span>
     <span class='ocr_line' id='line_1_28' title="bbox 351 3273 1420 3337; baseline -0.003 -13"><span class='ocrx_word' id='word_1_255' title='bbox 351 3276 454 3324; x_wconf 86' lang='lat' dir='ltr'>IerIrent.</span> <span class='ocrx_word' id='word_1_256' title='bbox 481 3275 517 3324; x_wconf 83' lang='lat' dir='ltr'>CI.</span> <span class='ocrx_word' id='word_1_257' title='bbox 544 3276 653 3334; x_wconf 84' lang='lat' dir='ltr'>Samwer,</span> <span class='ocrx_word' id='word_1_258' title='bbox 672 3274 977 3323; x_wconf 79' lang='lat' dir='ltr'>Gesch.d.itlteren1tim.</span> <span class='ocrx_word' id='word_1_259' title='bbox 997 3273 1133 3331; x_wconf 66' lang='lat' dir='ltr'>Miinzwes„</span> <span class='ocrx_word' id='word_1_260' title='bbox 1152 3289 1202 3337; x_wconf 79' lang='lat' dir='ltr'>pag.</span> <span class='ocrx_word' id='word_1_261' title='bbox 1223 3273 1269 3326; x_wconf 80' lang='lat'>173</span> <span class='ocrx_word' id='word_1_262' title='bbox 1288 3290 1350 3337; x_wconf 88' lang='lat' dir='ltr'>seqq.</span> <span class='ocrx_word' id='word_1_263' title='bbox 1377 3274 1420 3321; x_wconf 86' lang='lat' dir='ltr'>Ce-</span> 
     </span>
     <span class='ocr_line' id='line_1_29' title="bbox 351 3355 1420 3421; baseline -0.004 -13"><span class='ocrx_word' id='word_1_264' title='bbox 351 3363 427 3408; x_wconf 83' lang='lat' dir='ltr'>terum</span> <span class='ocrx_word' id='word_1_265' title='bbox 453 3375 482 3407; x_wconf 83' lang='lat' dir='ltr'>ne</span> <span class='ocrx_word' id='word_1_266' title='bbox 506 3359 535 3407; x_wconf 83' lang='lat' dir='ltr'>sd</span> <span class='ocrx_word' id='word_1_267' title='bbox 552 3358 611 3406; x_wconf 85' lang='lat' dir='ltr'>seris</span> <span class='ocrx_word' id='word_1_268' title='bbox 628 3357 706 3421; x_wconf 82' lang='lat' dir='ltr'>gravis</span> <span class='ocrx_word' id='word_1_269' title='bbox 724 3357 819 3420; x_wconf 90' lang='lat' dir='ltr'>quidem</span> <span class='ocrx_word' id='word_1_270' title='bbox 837 3357 950 3404; x_wconf 87' lang='lat' dir='ltr'>rationem</span> <span class='ocrx_word' id='word_1_271' title='bbox 968 3357 1066 3404; x_wconf 85' lang='lat' dir='ltr'>revocati</span> <span class='ocrx_word' id='word_1_272' title='bbox 1085 3356 1177 3404; x_wconf 89' lang='lat' dir='ltr'>numeri</span> <span class='ocrx_word' id='word_1_273' title='bbox 1197 3355 1235 3403; x_wconf 92' lang='lat' dir='ltr'>illi</span> <span class='ocrx_word' id='word_1_274' title='bbox 1253 3357 1329 3421; x_wconf 89' lang='lat' dir='ltr'>ipsius</span> <span class='ocrx_word' id='word_1_275' title='bbox 1346 3358 1420 3406; x_wconf 85' lang='lat' dir='ltr'>Servii</span> 
     </span>
     <span class='ocr_line' id='line_1_30' title="bbox 350 3438 1420 3505; baseline -0.001 -16"><span class='ocrx_word' id='word_1_276' title='bbox 350 3440 422 3490; x_wconf 86' lang='lat' dir='ltr'>luisse</span> <span class='ocrx_word' id='word_1_277' title='bbox 448 3445 554 3505; x_wconf 86' lang='lat' dir='ltr'>possunt,</span> <span class='ocrx_word' id='word_1_278' title='bbox 581 3456 635 3488; x_wconf 87' lang='lat' dir='ltr'>oum</span> <span class='ocrx_word' id='word_1_279' title='bbox 657 3438 701 3488; x_wconf 92' lang='lat' dir='ltr'>illo</span> <span class='ocrx_word' id='word_1_280' title='bbox 719 3445 829 3502; x_wconf 78' lang='lat' dir='ltr'>regnante</span> <span class='ocrx_word' id='word_1_281' title='bbox 846 3439 945 3487; x_wconf 82' lang='lat' dir='ltr'>Romani</span> <span class='ocrx_word' id='word_1_282' title='bbox 964 3438 1102 3487; x_wconf 91' lang='lat' dir='ltr'>nullosdum</span> <span class='ocrx_word' id='word_1_283' title='bbox 1120 3455 1230 3487; x_wconf 90' lang='lat' dir='ltr'>nummos</span> <span class='ocrx_word' id='word_1_284' title='bbox 1247 3439 1364 3488; x_wconf 85' lang='lat' dir='ltr'>haberent.</span> <span class='ocrx_word' id='word_1_285' title='bbox 1383 3440 1420 3488; x_wconf 84' lang='lat' dir='ltr'>CI.</span> 
     </span>
     <span class='ocr_line' id='line_1_31' title="bbox 351 3522 758 3588; baseline -0.01 -16"><span class='ocrx_word' id='word_1_286' title='bbox 351 3541 378 3573; x_wconf 83' lang='lat' dir='ltr'>eu</span> <span class='ocrx_word' id='word_1_287' title='bbox 397 3539 456 3588; x_wconf 87' lang='lat' dir='ltr'>quse</span> <span class='ocrx_word' id='word_1_288' title='bbox 473 3523 552 3574; x_wconf 77' lang='lat' dir='ltr'>stetim</span> <span class='ocrx_word' id='word_1_289' title='bbox 570 3522 680 3572; x_wconf 80' lang='lat' dir='ltr'>dicturus</span> <span class='ocrx_word' id='word_1_290' title='bbox 698 3537 758 3569; x_wconf 90' lang='lat' dir='ltr'>sum.</span> 
     </span>
    </p>

    <p class='ocr_par' dir='ltr' id='par_1_5' title="bbox 252 3602 1420 3738">
     <span class='ocr_line' id='line_1_32' title="bbox 285 3602 1420 3672; baseline -0.004 -14"><span class='ocrx_word' id='word_1_291' title='bbox 285 3605 303 3668; x_wconf 81' lang='grc' dir='ltr'>Ι)</span> <span class='ocrx_word' id='word_1_292' title='bbox 322 3608 371 3658; x_wconf 87' lang='lat' dir='ltr'>Cio.</span> <span class='ocrx_word' id='word_1_293' title='bbox 390 3608 425 3658; x_wconf 86' lang='lat' dir='ltr'>De</span> <span class='ocrx_word' id='word_1_294' title='bbox 442 3608 475 3656; x_wconf 85' lang='lat' dir='ltr'>llo</span> <span class='ocrx_word' id='word_1_295' title='bbox 493 3605 558 3672; x_wconf 89' lang='lat' dir='ltr'>publ.</span> <span class='ocrx_word' id='word_1_296' title='bbox 586 3605 618 3664; x_wconf 90' lang='lat' dir='ltr'>ll,</span> <span class='ocrx_word' id='word_1_297' title='bbox 645 3603 668 3662; x_wconf 78' lang='lat'>9,</span> <span class='ocrx_word' id='word_1_298' title='bbox 697 3603 734 3651; x_wconf 86' lang='lat' dir='ltr'>lo.</span> <span class='ocrx_word' id='word_1_299' title='bbox 761 3602 844 3652; x_wconf 90' lang='lat' dir='ltr'>Plures</span> <span class='ocrx_word' id='word_1_300' title='bbox 870 3603 933 3652; x_wconf 87' lang='lat' dir='ltr'>locos</span> <span class='ocrx_word' id='word_1_301' title='bbox 959 3604 1012 3653; x_wconf 85' lang='lat' dir='ltr'>vide</span> <span class='ocrx_word' id='word_1_302' title='bbox 1029 3604 1090 3668; x_wconf 84' lang='lat' dir='ltr'>apud</span> <span class='ocrx_word' id='word_1_303' title='bbox 1108 3603 1220 3665; x_wconf 80' lang='lat' dir='ltr'>Sohwegl.</span> <span class='ocrx_word' id='word_1_304' title='bbox 1240 3605 1267 3653; x_wconf 88' lang='lat' dir='ltr'>R.</span> <span class='ocrx_word' id='word_1_305' title='bbox 1286 3606 1344 3654; x_wconf 75' lang='lat' dir='ltr'>o]</span> <span class='ocrx_word' id='word_1_306' title='bbox 1368 3621 1420 3669; x_wconf 78' lang='lat' dir='ltr'>pag.</span> 
     </span>
     <span class='ocr_line' id='line_1_33' title="bbox 252 3688 414 3738; baseline -0.006 0"><span class='ocrx_word' id='word_1_307' title='bbox 252 3688 299 3738; x_wconf 75' lang='lat' dir='ltr'>olo</span> <span class='ocrx_word' id='word_1_308' title='bbox 317 3691 370 3738; x_wconf 81' lang='lat' dir='ltr'>adn.</span> <span class='ocrx_word' id='word_1_309' title='bbox 393 3691 414 3738; x_wconf 92' lang='lat'>1.</span> 
     </span>
    </p>

    <p class='ocr_par' dir='ltr' id='par_1_6' title="bbox 284 3769 1219 3837">
     <span class='ocr_line' id='line_1_34' title="bbox 284 3769 1219 3837; baseline -0.007 -14"><span class='ocrx_word' id='word_1_310' title='bbox 284 3770 396 3836; x_wconf 74' lang='lat' dir='ltr'>&#39;lMsrq</span> <span class='ocrx_word' id='word_1_311' title='bbox 415 3771 468 3822; x_wconf 85' lang='lat' dir='ltr'>StV.</span> <span class='ocrx_word' id='word_1_312' title='bbox 487 3771 524 3822; x_wconf 74' lang='lat'>112</span> <span class='ocrx_word' id='word_1_313' title='bbox 541 3787 592 3837; x_wconf 78' lang='lat' dir='ltr'>pag.</span> <span class='ocrx_word' id='word_1_314' title='bbox 611 3773 642 3829; x_wconf 80' lang='lat'>4;</span> <span class='ocrx_word' id='word_1_315' title='bbox 661 3771 795 3820; x_wconf 88' lang='lat' dir='ltr'>Mommsen</span> <span class='ocrx_word' id='word_1_316' title='bbox 813 3771 880 3818; x_wconf 78' lang='lat' dir='ltr'>Rom.</span> <span class='ocrx_word' id='word_1_317' title='bbox 899 3769 1001 3817; x_wconf 79' lang='lat' dir='ltr'>Miinzw.</span> <span class='ocrx_word' id='word_1_318' title='bbox 1020 3784 1071 3832; x_wconf 79' lang='lat' dir='ltr'>pag.</span> <span class='ocrx_word' id='word_1_319' title='bbox 1091 3769 1138 3817; x_wconf 83' lang='lat'>169</span> <span class='ocrx_word' id='word_1_320' title='bbox 1156 3784 1219 3832; x_wconf 88' lang='lat' dir='ltr'>seqq.</span> 
     </span>
    </p>

    <p class='ocr_par' dir='ltr' id='par_1_7' title="bbox 283 3851 712 3914">
     <span class='ocr_line' id='line_1_35' title="bbox 283 3851 712 3914; baseline 0 -12"><span class='ocrx_word' id='word_1_321' title='bbox 283 3851 303 3914; x_wconf 81' lang='grc' dir='ltr'>Ι)</span> <span class='ocrx_word' id='word_1_322' title='bbox 321 3852 384 3903; x_wconf 85' lang='lat' dir='ltr'>Pliu.</span> <span class='ocrx_word' id='word_1_323' title='bbox 403 3853 433 3904; x_wconf 92' lang='lat' dir='ltr'>N.</span> <span class='ocrx_word' id='word_1_324' title='bbox 452 3854 483 3902; x_wconf 89' lang='lat' dir='ltr'>H.</span> <span class='ocrx_word' id='word_1_325' title='bbox 503 3853 613 3912; x_wconf 81' lang='lat' dir='ltr'>XXXIII,</span> <span class='ocrx_word' id='word_1_326' title='bbox 633 3854 655 3913; x_wconf 77' lang='grc' dir='ltr'>Β,</span> <span class='ocrx_word' id='word_1_327' title='bbox 673 3854 712 3902; x_wconf 80' lang='lat'>42.</span> 
     </span>
    </p>

    <p class='ocr_par' dir='ltr' id='par_1_8' title="bbox 284 3933 600 4001">
     <span class='ocr_line' id='line_1_36' title="bbox 284 3933 600 4001; baseline 0 -17"><span class='ocrx_word' id='word_1_328' title='bbox 284 3935 303 3996; x_wconf 85' lang='lat'>⁴)</span> <span class='ocrx_word' id='word_1_329' title='bbox 321 3933 338 3984; x_wconf 91' lang='lat' dir='ltr'>l.</span> <span class='ocrx_word' id='word_1_330' title='bbox 356 3933 372 3986; x_wconf 92' lang='lat' dir='ltr'>l.</span> <span class='ocrx_word' id='word_1_331' title='bbox 391 3951 442 4001; x_wconf 80' lang='lat' dir='ltr'>pag.</span> <span class='ocrx_word' id='word_1_332' title='bbox 461 3935 600 3989; x_wconf 76' lang='lat' dir='ltr'>Its-lte.</span> 
     </span>
    </p>

    <p class='ocr_par' dir='ltr' id='par_1_9' title="bbox 250 4015 1420 4166">
     <span class='ocr_line' id='line_1_37' title="bbox 285 4015 1420 4084; baseline 0.001 -18"><span class='ocrx_word' id='word_1_333' title='bbox 285 4017 303 4078; x_wconf 82' lang='lat'>⁸)</span> <span class='ocrx_word' id='word_1_334' title='bbox 321 4017 356 4066; x_wconf 77' lang='lat' dir='ltr'>ux</span> <span class='ocrx_word' id='word_1_335' title='bbox 388 4017 515 4068; x_wconf 77' lang='lat' dir='ltr'>recentiore</span> <span class='ocrx_word' id='word_1_336' title='bbox 545 4018 656 4084; x_wconf 88' lang='lat' dir='ltr'>opinione</span> <span class='ocrx_word' id='word_1_337' title='bbox 678 4019 789 4080; x_wconf 74' lang='lat' dir='ltr'>(Ssmwer</span> <span class='ocrx_word' id='word_1_338' title='bbox 816 4017 867 4065; x_wconf 89' lang='lat'>1.1.</span> <span class='ocrx_word' id='word_1_339' title='bbox 892 4033 943 4080; x_wconf 80' lang='lat' dir='ltr'>pag.</span> <span class='ocrx_word' id='word_1_340' title='bbox 961 4017 1011 4075; x_wconf 74' lang='lat'>43),</span> <span class='ocrx_word' id='word_1_341' title='bbox 1031 4033 1076 4064; x_wconf 89' lang='lat' dir='ltr'>non</span> <span class='ocrx_word' id='word_1_342' title='bbox 1095 4015 1175 4064; x_wconf 88' lang='lat' dir='ltr'>minus</span> <span class='ocrx_word' id='word_1_343' title='bbox 1192 4015 1264 4077; x_wconf 83' lang='lat' dir='ltr'>digus</span> <span class='ocrx_word' id='word_1_344' title='bbox 1281 4033 1351 4080; x_wconf 82' lang='lat' dir='ltr'>quern</span> <span class='ocrx_word' id='word_1_345' title='bbox 1369 4034 1420 4082; x_wconf 91' lang='lat' dir='ltr'>spe·</span> 
     </span>
     <span class='ocr_line' id='line_1_38' title="bbox 250 4099 1020 4166; baseline 0 -20"><span class='ocrx_word' id='word_1_346' title='bbox 250 4103 345 4158; x_wconf 75' lang='lat' dir='ltr'>utemur,</span> <span class='ocrx_word' id='word_1_347' title='bbox 363 4100 391 4150; x_wconf 81' lang='lat' dir='ltr'>ad</span> <span class='ocrx_word' id='word_1_348' title='bbox 409 4103 502 4150; x_wconf 83' lang='lat' dir='ltr'>eentum</span> <span class='ocrx_word' id='word_1_349' title='bbox 521 4101 589 4150; x_wconf 87' lang='lat' dir='ltr'>annis</span> <span class='ocrx_word' id='word_1_350' title='bbox 606 4105 658 4166; x_wconf 88' lang='lat' dir='ltr'>post</span> <span class='ocrx_word' id='word_1_351' title='bbox 675 4101 746 4165; x_wconf 90' lang='lat' dir='ltr'>primi</span> <span class='ocrx_word' id='word_1_352' title='bbox 772 4099 866 4148; x_wconf 89' lang='lat' dir='ltr'>nummi</span> <span class='ocrx_word' id='word_1_353' title='bbox 884 4099 938 4147; x_wconf 86' lang='lat' dir='ltr'>editi</span> <span class='ocrx_word' id='word_1_354' title='bbox 958 4103 1020 4146; x_wconf 87' lang='lat' dir='ltr'>sunt.</span> 
     </span>
    </p>
   </div>
   <div class='ocr_carea' id='block_1_4' title="bbox 283 4181 530 4242">
    <p class='ocr_par' dir='ltr' id='par_1_10' title="bbox 283 4181 530 4242">
     <span class='ocr_line' id='line_1_39' title="bbox 283 4181 530 4242; baseline 0 -10"><span class='ocrx_word' id='word_1_355' title='bbox 283 4182 302 4242; x_wconf 78' lang='lat'>⁶)</span> <span class='ocrx_word' id='word_1_356' title='bbox 321 4181 371 4232; x_wconf 82' lang='lat' dir='ltr'>Liv.</span> <span class='ocrx_word' id='word_1_357' title='bbox 391 4183 430 4242; x_wconf 81' lang='lat' dir='ltr'>IV,</span> <span class='ocrx_word' id='word_1_358' title='bbox 450 4184 489 4240; x_wconf 80' lang='lat'>60,</span> <span class='ocrx_word' id='word_1_359' title='bbox 508 4185 530 4232; x_wconf 86' lang='grc'>6.</span> 
     </span>
    </p>
   </div>
   <div class='ocr_carea' id='block_1_5' title="bbox 1605 1127 1608 1250">
    <p class='ocr_par' dir='ltr' id='par_1_11' title="bbox 1605 1127 1608 1274">
     <span class='ocr_line' id='line_1_40' title="bbox 1605 1127 1608 1250; baseline 0 18"><span class='ocrx_word' id='word_1_360' title='bbox 1605 1127 1608 1250; x_wconf 84' lang='lat' dir='ltr'>l</span> 
     </span>
    </p>
   </div>
   <div class='ocr_carea' id='block_1_6' title="bbox 0 0 1618 4998">
    <p class='ocr_par' dir='ltr' id='par_1_12' title="bbox 0 0 1618 4998">
     <span class='ocr_line' id='line_1_41' title="bbox 0 0 1618 4998; baseline 0 1"><span class='ocrx_word' id='word_1_361' title='bbox 0 0 1618 4998; x_wconf 95' lang='lat' dir='ltr'> </span> 
     </span>
    </p>
   </div>
  </div>
 </body>
</html>
