3296 5008
186 663 314 730 fundus
337 665 521 730 aestimatus
543 661 602 745 est,
627 663 692 744 vel,
716 668 756 728 ut
779 663 884 730 semel
908 664 939 745 2,
965 663 1007 732 67
1031 662 1209 749 reperitur,
1226 648 1358 750 emptus

188 777 219 842 7.
252 777 340 842 Eam
373 777 501 864 excipit
534 799 671 842 summa
703 777 867 863 pecuniae
892 775 935 843 ab
959 778 1164 864 imperatore
1189 782 1356 862 acceptae,

187 889 334 955 formula
357 891 394 956 in
416 891 592 956 sestertium
609 891 710 956 unitio
734 898 787 956 tot.
812 890 1025 956 Conferenda
1038 897 1090 956 est
1102 889 1249 956 formula
1263 889 1357 956 tabu·

187 1001 239 1074 lae
276 1002 438 1071 Veleiatis
471 1004 528 1069 illc
560 1003 704 1089 fundum
734 1004 892 1090 professus
925 1011 969 1070 cst
1003 1005 1214 1070 sestertiorum
1251 1011 1295 1070 tot
1322 1005 1359 1068 tu

187 1117 338 1182 seetuttoe
373 1123 427 1183 tot.
459 1117 489 1182 8.
514 1116 651 1182 Olaudit
673 1124 777 1203 caput
800 1138 935 1182 summa
959 1138 1142 1183 usurarum
1165 1139 1185 1182 a
1209 1117 1357 1183 dominis

188 1229 348 1316 deinceps
382 1230 572 1316 pendenda,
608 1229 651 1296 ad
676 1250 761 1315 quas
784 1251 936 1296 summas
959 1231 994 1296 in
1018 1231 1174 1296 futurum
1201 1230 1358 1296 determi-

187 1343 319 1408 nandas
353 1365 432 1408 cum
467 1342 584 1409 tabula
619 1344 801 1430 praecipue
833 1349 1000 1430 spectaret
1023 1343 1191 1409 destinata
1214 1344 1356 1410 fortasse

189 1455 424 1544 quaestoribus
457 1457 581 1528 suturis
615 1457 780 1542 pecuniae
813 1457 1057 1538 alimentariae,
1083 1478 1232 1544 quorum
1255 1477 1356 1544 pecu·

187 1569 325 1635 uiarum
349 1590 468 1635 earum
491 1569 624 1635 exactio
647 1576 728 1651 erat,
755 1569 778 1656 ¹)
798 1571 842 1635 ad
866 1570 1059 1655 marginem
1083 1570 1264 1636 collocatae
1280 1576 1360 1636 sunt

188 1682 307 1749 ordine
330 1687 497 1769 separato.
518 1684 550 1748 9.
574 1683 681 1749 Extra
705 1683 862 1750 ordinem
885 1683 1065 1770 aliquoties
1088 1683 1234 1765 additur,
1254 1707 1273 1749 a
1291 1704 1359 1770 quo

187 1796 335 1882 pecunia
361 1796 509 1882 petenda
531 1797 574 1862 sit
596 1796 744 1863 formula
766 1798 943 1883 aduatuci)
968 1797 1034 1864 illc.
1065 1795 1094 1883 ⁹)

232 1910 275 1975 In
309 1910 563 1976 Baebianorum
590 1909 726 1977 tabulae
750 1911 1026 1996 praescriptione,
1051 1916 1168 1976 contra
1192 1931 1298 1997 quam
1320 1910 1357 1974 in

188 2023 407 2104 Veleiatium‚
443 2044 555 2110 neque
590 2030 694 2110 caput
728 2045 746 2089 a
779 2024 926 2090 Traiano
946 2044 1144 2090 concessum
1167 2023 1358 2089 indicatum

188 2143 238 2202 est
271 2137 432 2223 —quod
456 2137 599 2224 quidem
624 2139 684 2204 HS
707 2137 863 2203 4018000
886 2137 989 2202 fuisse
1015 2137 1108 2223 ipsae
1132 2136 1356 2222 obligationes

188 2250 312 2317 docent
334 2288 378 2299 -
402 2271 513 2338 neque
537 2272 641 2316 usura
663 2273 775 2338 neque
800 2272 880 2318 vero
896 2271 1080 2337 puerorum
1096 2249 1357 2336 puellarumque

191 2385 366 2442 numerus
402 2363 526 2450 quibus
561 2364 724 2430 alimenta
758 2364 827 2450 (vel
862 2364 1021 2452 pecunia)
1055 2369 1153 2429 erant
1183 2363 1361 2430 destinata.

191 2477 303 2556 Quem
327 2499 512 2543 numerum
535 2485 574 2542 ut
589 2479 746 2559 efficeret,
760 2478 953 2544 Mommsen
966 2477 1070 2544 talem
1082 2477 1251 2543 rationem
1263 2477 1359 2544 iniit:

196 2590 303 2671 „Sunt
325 2597 451 2672 autem,
481 2597 520 2656 ut
543 2591 580 2656 in
602 2591 746 2678 singulis
769 2591 939 2678 capitibus
962 2596 1113 2678 apparet,
1139 2612 1262 2657 usurae
1286 2601 1361 2657 sexi

190 2703 356 2772 tantariae
391 2705 648 2786 semunciariae‚
681 2727 761 2771 eum
784 2705 821 2770 in
845 2704 997 2774 Veleiate
1021 2703 1139 2770 tabula
1163 2704 1285 2770 diserte
1311 2727 1361 2770 re·

190 2817 368 2904 periantur
393 2818 612 2906 quincunces.
658 2819 771 2898 Quam
796 2818 838 2885 ob
862 2841 936 2884 rem
959 2840 1040 2884 cum
1059 2819 1145 2884 mihi
1158 2817 1361 2904 persuadere

190 2953 359 3018 nequeam
395 2932 432 2996 in
466 2931 540 3018 ipsa
573 2931 674 2998 Italia
706 2933 845 2999 Traiani
876 2938 985 2999 aetate
1018 2954 1095 2998 eam
1127 2932 1361 3000 diversitatem

190 3043 387 3126 obtinuisse,
419 3051 462 3110 ut
491 3045 627 3134 publice
661 3047 697 3110 in
732 3055 939 3132 perpetuum
975 3046 1127 3112 credenti
1164 3047 1200 3110 in
1225 3045 1362 3130 regione

194 3158 368 3244 superiore
404 3180 511 3245 eaque
545 3159 646 3244 longe
681 3159 893 3246 opulentiore
930 3159 1035 3246 duplo
1071 3159 1216 3225 maiores
1240 3181 1362 3224 usurae

193 3277 448 3358 praestarentur
482 3293 588 3358 quam
617 3264 661 3337 in¹
688 3273 858 3354 inferiore,
884 3271 1220 3357 magis'crediderim
1245 3293 1364 3338 usuras

197 3407 253 3450 eas
287 3384 398 3451 bisin
421 3407 512 3452 anno
537 3387 706 3473 quaestori
730 3393 926 3452 numeratas
950 3407 1019 3452 esse
1044 3392 1077 3452 et
1101 3391 1280 3472 propterea
1304 3385 1360 3451 hic

195 3520 266 3565 non
289 3505 361 3564 tem
385 3521 517 3565 annuas
540 3522 691 3566 summas
707 3501 993 3588 perscriptasesse
1008 3506 1311 3587 quamsemestres.
1335 3497 1363 3588 ³)

228 3726 247 3787 l)
281 3727 340 3776 Vide
357 3727 455 3776 chzen
472 3727 489 3777 1.
508 3727 525 3778 l.
543 3745 595 3794 page
613 3729 653 3778 68.

228 3816 249 3872 ²)
283 3811 348 3860 Haec
373 3811 470 3876 quidem
488 3811 651 3875 interpretatio
668 3811 727 3861 olim
744 3828 758 3862 a
775 3805 923 3862 Mommseno
940 3812 1101 3862 commendata
1118 3813 1182 3874 (vide
1199 3812 1297 3861 Henzen
1313 3812 1331 3861 l.
1349 3810 1366 3860 l.

191 3910 244 3958 pag.
264 3894 305 3954 69)
323 3894 399 3943 adhuc
417 3895 508 3943 veraci
526 3895 626 3944 videtur.

229 3976 248 4034 ³)
284 3978 318 4025 De
345 3977 423 4025 usuris
449 3977 596 4026 remertribur
620 3977 663 4026 alii
689 3995 781 4042 quoque
806 3979 909 4042 cogitant
935 3979 980 4027 viri
1006 3979 1067 4026 docti
1094 3978 1239 4026 recentiores.
1273 3979 1308 4026 Ita
1329 3984 1368 4040 (ne

194 4059 274 4125 plures
301 4063 414 4121 efferam),
441 4061 483 4124 qui
508 4061 535 4109 in
549 4061 701 4125 antiquorum
719 4062 798 4110 usuris
815 4061 919 4110 multum
938 4065 1043 4110 versatus
1060 4065 1102 4120 est,
1119 4061 1226 4121 Billeter‚
1243 4061 1326 4110 Gesch.
1344 4062 1367 4110 d.

191 4143 265 4192 Zinsf.
291 4144 326 4192 im
351 4147 457 4206 gurim.
483 4144 541 4203 Alt,
568 4160 620 4209 pag.
640 4145 687 4194 189
705 4161 769 4208 seqq.
804 4146 855 4193 Iam
873 4145 1010 4194 memineris
1028 4144 1083 4194 illae
1100 4161 1188 4194 arurae
1204 4150 1324 4206 remeatrer
1341 4145 1368 4194 in

191 4225 283 4276 tabulae
296 4227 504 4292 praescriptionem
518 4243 611 4293 quoque
628 4244 642 4276 a
661 4227 810 4277 Mommseno
829 4244 877 4276 esse
895 4227 981 4278 illatas.
999 4228 1045 4293 (Cf.
1063 4244 1115 4294 pag.
1134 4228 1214 4292 213.)-
