3226 4998
714 447 785 558 '85

173 665 386 733 metuebant.
413 665 438 754 ¹)
463 667 576 746 Quare
599 667 720 735 Livius
743 669 785 736 de
808 669 884 756 lege
907 671 1023 738 Cassia
1046 671 1179 756 agraria
1202 669 1348 736 mentio-

174 799 257 844 nem
288 779 436 846 faciens:
462 780 487 867 ²)
525 781 635 860 „Tum
659 782 811 867 primum
833 783 868 870 (i.
893 806 921 850 e.
946 806 1037 850 anno
1061 805 1090 850 a.
1115 805 1148 850 u.
1172 805 1200 850 c.
1225 783 1290 848 268
1310 809 1346 842 =

175 915 204 958 a.
229 892 309 958 Ohr.
333 915 367 958 n.
392 892 470 980 486)
492 893 550 958 lex
571 895 704 978 agraria
716 895 933 981 promulgata
944 903 1003 978 est,
1017 919 1211 984 numquam
1223 896 1346 962 deinde

175 1027 284 1092 usque
318 1006 363 1071 ad
396 1006 486 1072 hanc
520 1008 722 1073 memoriam
755 1009 828 1075 sine
862 1009 1023 1076 maximis
1058 1009 1208 1076 motibus
1231 1031 1347 1076 rerum

175 1119 335 1204 agitata.’'
382 1119 433 1185 De
470 1119 524 1185 his
558 1121 700 1205 agrariis
733 1120 866 1206 legibus
900 1123 993 1208 apud
1028 1123 1207 1210 scriptores
1244 1143 1344 1209 saepe
1440 1190 1442 1195 ,

175 1233 305 1298 mentio
338 1232 395 1313 fit;
421 1254 539 1298 omnes
562 1233 686 1299 referre
709 1233 854 1319 longum
876 1241 934 1314 est,
949 1234 975 1322 ⁸)
999 1257 1062 1301 nec
1087 1257 1221 1302 necesse
1249 1234 1343 1302 vide·

176 1352 232 1410 tur
262 1367 344 1412 cum
364 1368 436 1411 non
458 1345 525 1411 nisi
547 1347 746 1413 circuitione
771 1346 921 1433 quadam
944 1348 988 1413 ad
1008 1369 1202 1434 pauperum
1225 1369 1344 1414 curam

176 1459 345 1545 pertinere
369 1458 436 1524 dici
457 1459 596 1544 possint.
639 1459 695 1525 Ad
721 1481 882 1525 omnes
907 1461 1001 1525 enirn
1024 1460 1174 1546 plebeios
1198 1461 1344 1547 pertine·
1384 1531 1387 1542 ,

175 1572 259 1638 bant
271 1595 278 1653 ;
303 1572 548 1657 assignationes
565 1572 696 1638 viritim
719 1573 824 1638 factas
848 1595 919 1638 esse
945 1572 1105 1658 legimus;
1130 1574 1342 1660 pauperrimi

174 1685 341 1771 cuiusque
375 1685 526 1750 maxime
549 1685 718 1751 rationem
739 1685 894 1751 habitam
917 1708 987 1752 esse
1011 1685 1150 1752 nullum
1172 1687 1340 1752 indicium

175 1804 234 1864 est.
281 1798 329 1862 At
362 1819 433 1864 non
466 1798 581 1862 minus
604 1819 726 1865 verum
748 1805 799 1864 est
821 1797 980 1884 plebeiae,
1006 1799 1173 1886 quamdiu
1195 1799 1238 1864 ab
1260 1820 1342 1885 agro

176 1910 313 1996 publico
337 1909 610 1992 excluderentur,
634 1932 705 1976 non
727 1932 803 1976 raro
827 1910 992 1977 deteriore
1016 1917 1106 1977 statu
1129 1912 1240 1993 fuisse,
1254 1911 1344 1979 ideo

174 2045 240 2111 que
275 2045 355 2089 eum
388 2023 426 2089 in
460 2023 552 2090 illius
586 2031 720 2110 partem
751 2030 957 2091 vocarentur
979 2024 1168 2093 multorum
1191 2026 1345 2091 fortunas

173 2129 391 2228 aliquantum
412 2137 636 2224 amplificatas
659 2159 739 2202 esse.
779 2137 921 2224 Saepius
944 2144 983 2202 ut
1005 2138 1158 2222 agrariae
1181 2137 1266 2223 legis
1289 2138 1344 2204 de·

174 2250 339 2315 siderium
373 2251 580 2316 diminueret
613 2256 647 2316 et
680 2250 901 2336 patriciorum
936 2251 1160 2337 possessiones
1194 2251 1344 2335 integras

176 2369 335 2444 servaret,
376 2370 513 2429 senatus
561 2363 731 2429 coloniam
779 2364 1017 2429 deducendam
1062 2363 1213 2444 curabat,
1255 2385 1342 2450 quae

175 2475 271 2542 velut
305 2476 577 2542 delenimentum
611 2485 697 2542 esset
731 2476 833 2563 plebi.
869 2477 895 2564 ⁴)
937 2477 1038 2543 Hanc
1073 2483 1190 2542 tamen
1223 2476 1342 2563 procul

176 2589 320 2674 relegari
348 2589 496 2676 pigebat,
521 2612 601 2656 cum
624 2589 745 2656 uberes
768 2590 944 2677 amplique
968 2591 1042 2675 agri
1065 2611 1170 2677 prope
1194 2590 1342 2656 Romam

176 2703 214 2768 in
249 2709 435 2790 conspectu
481 2710 600 2769 essent.
638 2704 663 2790 ⁵)
709 2704 883 2790 Quicquid
921 2704 957 2769 id
992 2710 1050 2785 est,
1087 2704 1228 2789 agrariis
1261 2703 1343 2788 legi·

175 2815 240 2882 bus
273 2837 344 2882 non
378 2823 428 2882 est
461 2817 679 2903 impeditum,
723 2839 791 2903 quo
828 2817 944 2882 minus
977 2817 1145 2903 paulatim
1183 2817 1341 2882 nonnulli

172 2929 369 3015 locupletes,
405 2951 476 2994 non
510 2951 586 2995 raro
620 2929 657 2995 vi
685 2929 740 2995 vel
764 2929 851 3011 dolo,
877 2951 976 3015 agros
999 2931 1240 2997 continuarent
1261 2929 1343 2996 libe·

171 3064 293 3129 rosque
327 3043 492 3127 agricolas
527 3042 778 3110 submoverent.
803 3043 830 3130 ⁶)
864 3043 936 3109 Nec
967 3045 1105 3126 mirum,
1129 3066 1210 3112 cum
1232 3043 1344 3109 Roma

208 3220 225 3281 ¹)
243 3220 292 3269 Cic.
310 3221 347 3269 De
364 3221 418 3284 Leg.
435 3237 483 3284 agr.
502 3221 535 3277 ΙΙ,
555 3221 594 3278 26,
613 3221 658 3268 68:
679 3222 778 3285 „Antea
797 3238 851 3270 cum
869 3223 919 3269 erat
935 3237 949 3269 a
965 3220 1063 3269 tribuno
1080 3219 1157 3284 plebis
1174 3221 1264 3269 mentio
1282 3220 1343 3284 legis

173 3304 277 3368 agrariae
293 3305 360 3360 lacta,
378 3305 499 3363 continuo,
516 3304 558 3368 qni
575 3319 642 3367 egros
659 3303 767 3367 publicos
784 3308 826 3353 aut
842 3303 999 3368 possessiones
1015 3303 1144 3353 invidiosas
1161 3303 1278 3360 tenebant,
1292 3320 1343 3368 per-

175 3385 353 3435 timescebant.”

210 3469 230 3530 ἵ)
246 3469 299 3518 biv.
319 3469 351 3526 II,
369 3470 409 3528 4l,
425 3469 447 3517 3.

209 3551 228 3612 ³)
245 3551 360 3615 Exempla
384 3552 552 3615 assignationis
577 3551 670 3600 viritIm
696 3552 770 3600 sactae
796 3552 889 3616 aliaque
914 3553 1018 3602 eiusdem
1035 3552 1128 3615 generis
1144 3553 1206 3616 apud
1223 3551 1347 3616 scriptores

177 3633 250 3683 relata
266 3634 394 3698 diligenter
410 3635 526 3698 congessit
544 3634 677 3683 Mommsen
696 3634 722 3683 Ο.
741 3635 760 3682 I.
779 3635 805 3683 L.
824 3636 837 3683 I
855 3652 906 3699 pag.
925 3636 956 3684 88
974 3652 1037 3699 seqq.

211 3718 230 3778 ⁴)
248 3717 301 3766 Lir.
319 3718 366 3775 Ill,
386 3718 408 3776 l,
427 3719 456 3765 5:
493 3718 610 3782 „Antium
621 3755 693 3765 .....
712 3716 831 3765 coloniam
848 3718 932 3766 deduci
950 3734 1031 3782 posse;
1049 3718 1083 3766 ie
1099 3718 1151 3766 sine
1167 3715 1279 3780 querellis
1295 3733 1347 3781 pos·

176 3815 294 3847 sessorum
320 3799 412 3863 plebem
438 3801 464 3848 in
489 3816 556 3864 agros
582 3801 678 3856 ituram,
706 3799 828 3848 civitatem
862 3801 887 3848 in
914 3801 1033 3848 concordia
1057 3800 1163 3848 fore.''—
1181 3799 1224 3856 IV,
1251 3798 1290 3857 51,
1317 3802 1347 3848 5:

178 3883 352 3946 ,aptissimum
369 3886 462 3946 tempus
478 3883 554 3931 luerat
571 3882 699 3930 vindicetis
715 3881 871 3931 seditionibus
888 3882 1074 3931 delenimentum
1091 3882 1179 3930 animis
1196 3881 1282 3930 Bolani
1299 3883 1349 3944 agri

177 3965 319 4014 divisionem
345 3965 415 4022 obici,
442 3983 488 4029 quo
505 3967 565 4014 sacto
586 3965 729 4013 minuissent
746 3965 888 4013 desideriam
907 3965 1010 4028 agrariae
1027 3964 1094 4028 legis,
1112 3981 1171 4028 quae
1188 3981 1292 4028 possesso
1308 3981 1351 4030 per

178 4047 292 4096 iniuriam
309 4064 364 4112 agro
382 4047 476 4112 publico
494 4052 570 4111 patres
587 4046 714 4110 pellebat.''
725 4075 756 4082 -
767 4047 803 4096 CI.
822 4048 893 4095 ettam
910 4048 938 4105 V,
948 4047 1014 4104 244
1023 4067 1029 4104 ;
1039 4047 1080 4106 VI,
1092 4047 1131 4106 lo,
1141 4048 1156 4095 6
1166 4068 1172 4104 ;
1182 4048 1250 4106 VIII,
1261 4047 1299 4105 lo,
1310 4049 1349 4096 13.

215 4129 660 4189 ⁵)cf.L1v.111,1,7;v,24,5.

213 4211 233 4272 ⁶)
251 4211 287 4260 cf.
305 4212 357 4261 Lib.
375 4215 388 4262 1
405 4229 457 4276 pag.
475 4214 515 4271 45,
534 4213 565 4260 48
584 4228 638 4260 cum
656 4211 780 4260 nonnullis
797 4212 912 4276 exempIIs
929 4212 964 4260 ibi
981 4213 1104 4275 congestis.
