3226 4998
716 480 757 544 31

145 665 345 731 condicione
380 686 419 731 ac
455 682 599 728 numero
634 659 897 747 proletariorum
932 666 966 726 et
988 661 1098 748 capite
1123 681 1319 727 censorum.

145 777 330 863 Dionysius
366 777 390 862 ¹)
425 780 541 843 narrat
571 795 627 839 eos
651 794 795 839 numero
819 773 962 839 assiduis
985 775 1086 840 fuisse
1112 775 1310 860 superiores

144 890 240 957 Inter
274 912 331 957 eos
364 890 490 956 multos
524 889 625 953 fuisse
657 887 894 974 pauperrimos
918 908 989 953 non
1021 887 1209 954 admodum
1230 887 1315 954 veri-

145 1004 255 1070 simile
290 1005 377 1070 mihi
410 1004 556 1079 videtur.
603 1001 769 1086 Magnam
804 1007 937 1086 partem
972 1008 1070 1067 erant
1104 1001 1241 1087 opifices
1266 1007 1312 1066 et·

146 1117 320 1199 sellularii,
345 1139 430 1204 quos
454 1115 552 1182 facile
576 1115 708 1181 victum
732 1115 938 1200 quaesivisse
963 1121 1232 1180 consentaneum
1256 1122 1315 1181 est.

145 1231 361 1315 Argumenta
383 1231 421 1294 in
444 1235 607 1316 promptu
630 1234 719 1293 sunt.
755 1228 832 1294 Iam
858 1228 1011 1293 Numam
1034 1249 1160 1314 regem,
1177 1230 1315 1295 fortasse

146 1346 250 1411 etiarn
273 1344 433 1411 Servium
455 1341 610 1408 Tullium
633 1340 659 1428 51)
684 1347 759 1407 octo
783 1341 947 1428 opificum
970 1341 1115 1427 collegia
1130 1343 1315 1409 instituisse

147 1465 285 1545 accepta
306 1457 497 1544 antiquitus
508 1456 623 1543 opinio
636 1461 695 1536 est,
709 1454 736 1542 8)
760 1477 847 1542 quae
860 1461 956 1521 tanta
968 1463 1066 1522 erant
1077 1457 1264 1539 sanctitate,
1277 1463 1317 1522 ut

146 1595 189 1638 ne
224 1579 305 1637 tunc
337 1571 479 1658 quidem
501 1570 569 1635 sint
592 1568 735 1650 sublata,
760 1590 841 1634 curn
864 1575 1001 1635 senatus
1024 1569 1219 1636 consultum
1242 1570 1316 1658 plu·

146 1707 265 1773 resque
296 1684 388 1770 leges
411 1690 534 1749 cuncta
557 1682 700 1768 collegia
722 1683 958 1749 distraherent.
983 1683 1010 1771 ⁴)
1033 1683 1245 1770 Scriptorum
1269 1690 1316 1750 te-

145 1799 304 1864 stimonia
331 1797 432 1886 plane
456 1797 620 1862 deficiunt
644 1796 736 1861 unde
764 1797 922 1881 cognosci
946 1798 1051 1883 possit
1075 1819 1163 1884 quae
1187 1799 1315 1866 suerint

144 1919 267 1979 natura
302 1934 340 1978 ac
364 1910 566 1998 temperatio
589 1911 715 1975 horum
738 1909 970 1994 collegiorum.
1017 1912 1190 1994 Attamen,
1213 1913 1241 1978 si
1264 1913 1314 1977 ni·

144 2026 193 2092 hil
215 2026 318 2107 aliud,
343 2026 407 2091 hoc
431 2031 520 2090 certe
545 2024 633 2090 effici
657 2045 753 2110 posse
777 2025 913 2091 videtur
937 2046 1158 2092 communem
1175 2047 1314 2093 causam

146 2162 328 2228 operarum
362 2161 432 2205 non
467 2159 604 2226 prorsus
639 2159 708 2204 esse
738 2137 939 2223 neglectam.
986 2139 1079 2218 Quin
1103 2141 1207 2206 etiam
1230 2143 1313 2208 certi

147 2255 288 2343 quidam
322 2253 409 2318 fabri
443 2252 544 2318 rebus
577 2258 650 2317 tam
680 2253 837 2318 secundis
860 2252 1053 2334 utebantur,
1078 2255 1176 2319 utin
1199 2263 1314 2321 centu-

145 2370 211 2435 rias
256 2368 437 2434 Servianas
482 2365 634 2452 discripti
679 2372 799 2431 essent.
852 2365 949 2432 Servi
983 2389 1074 2449 vero,
1100 2368 1160 2455 qui
1197 2376 1313 2456 postea

143 2484 180 2548 in
213 2481 374 2548 omnibus
408 2480 527 2546 officiis
560 2487 632 2544 tarn
665 2501 787 2564 graves
810 2479 937 2545 aemuli
960 2481 1108 2563 fuerunt,
1133 2489 1216 2548 tunc
1239 2505 1313 2570 per·

144 2618 250 2683 quam
273 2595 373 2682 pauci
397 2601 494 2659 erant
516 2615 670 2660 numere.
697 2597 718 2667 ⁵)
741 2594 822 2658 Fuit
844 2593 1098 2680 tempus'illud,
1124 2617 1203 2661 cum
1227 2597 1312 2677 „sin-

140 2835 144 2841 .
194 2767 271 2828 1)11’,
291 2765 372 2825 lat:
396 2754 482 2825 ’,τοὺς
512 2753 544 2816 δὲ
575 2754 692 2825 λοιποὺς
713 2760 852 2828 satirae,
875 2759 903 2816 ci*
922 2761 1042 2833 τίμησιν
1066 2748 1145 2839 εἶχον
1165 2755 1314 2819 ἐλάττονα

143 2855 256 2918 δώδεκα
306 2855 355 2916 καὶ
398 2855 520 2930 ἡμίσους
557 2859 648 2927 μνῶν,
681 2857 797 2922 πλείους
829 2851 882 2912 τὸν
912 2852 1103 2930 <inpetrato
1134 2854 1222 2924 ὄντας
1253 2862 1313 2915 τῶν

142 2951 299 3028 προτέρων.
323 2997 329 3009 .
353 2997 360 3010 .
385 2951 411 3010 .”
438 2960 472 3008 Id.
501 2959 554 3019 Vll,
580 2960 620 3017 ts,
639 2960 670 3008 6:
701 2953 743 3018 „ci
768 2949 795 3009 δ’
824 2949 1012 3024 &repararet
1031 2958 1091 3010 τῶν
1111 2955 1242 3012 πολιτῶν
1261 2950 1312 3015 οὐκ

142 3045 286 3116 ἐλάττους
306 3055 366 3106 τῶν
386 3047 487 3106 ἄλλων
507 3048 648 3107 ἁπάντων
668 3047 750 3116 ’ὄντες
772 3050 839 3106 ...”
866 3053 976 3103 Centum
1002 3056 1080 3121 Lange
1103 3055 1165 3118 (1.1.
1184 3055 1313 3121 papale)

143 3145 248 3209 ineptum
266 3161 315 3193 esse
332 3144 391 3193 dicit
408 3148 487 3208 putare
504 3143 560 3192 haec
577 3143 624 3192 iarn
641 3143 757 3208 pertinere
774 3144 803 3192 ad
820 3143 984 3208 antiquissima
1000 3148 1112 3208 tempora.

175 3227 195 3288 ι’)
213 3227 292 3276 Servio
310 3227 391 3276 Tullio
411 3227 561 3276 ascribuntur
578 3243 591 3275 a
607 3226 677 3275 Floro
693 3227 722 3289 (l,
741 3228 773 3287 6).

176 3311 196 3370 ³)
226 3309 350 3374 waning,
377 3311 454 3360 Etude
471 3310 601 3373 historique
627 3325 667 3358 sur
693 3309 727 3358 les
745 3311 902 3374 corporations
920 3309 1124 3374 professionuelles
1142 3311 1196 3360 chez
1214 3310 1248 3360 les
1265 3311 1311 3360 Ro·

144 3394 228 3452 mains,
245 3395 256 3442 Ι
274 3411 324 3459 pag.
345 3396 376 3443 64
395 3410 466 3458 seqq,
484 3394 576 3458 copiose
593 3393 677 3441 refutat
691 3409 729 3440 eoa
747 3392 788 3456 qui
806 3393 907 3457 priscam
925 3392 993 3442 illam
1010 3397 1149 3444 vetustatem
1165 3393 1311 3444 addubitant.

175 3480 195 3539 ⁴)
214 3477 318 3542 Collegia
335 3478 408 3526 fuisse
426 3476 518 3525 sublata
534 3476 614 3525 crebra
631 3476 720 3524 mentio
737 3477 770 3524 fit.
789 3476 904 3541 Asconius
923 3477 948 3525 in
966 3476 1139 3537 Cornelianum,
1148 3494 1199 3543 pag.
1210 3477 1241 3530 75
1252 3478 1310 3528 On:

143 3563 299 3627 „Frequenter
324 3565 375 3610 turn
401 3561 471 3608 etiarn
497 3565 575 3608 coetus
600 3559 750 3608 factiosorum
773 3559 898 3608 hominurn
916 3561 967 3608 siue
983 3559 1079 3626 publica
1095 3562 1231 3610 auctoritate
1247 3561 1310 3610 malo

140 3645 237 3710 publico
254 3644 355 3692 fiebant:
374 3643 547 3708 propterquod
565 3647 644 3707 postea
661 3641 759 3706 collegia
776 3643 798 3690 S.
817 3642 844 3690 C.
862 3647 885 3690 et
902 3643 1011 3707 pluribus
1028 3643 1120 3708 legibus
1137 3649 1193 3694 sunt
1210 3644 1310 3704 sublata,

139 3733 228 3793 praeter
253 3743 326 3792 pauca
351 3731 419 3790 atque
445 3731 599 3790 certa'quae
625 3725 716 3774 utilitas
742 3725 846 3774 civitatis
872 3726 1024 3775 desiderasset
1049 3727 1123 3791 quasi,
1147 3732 1174 3776 ut
1189 3727 1309 3777 fabrorum

139 3810 316 3874 ficorumque?
336 3810 467 3874 [Postrema
483 3807 553 3857 verba
570 3809 676 3872 incerta}
694 3808 731 3855 cf.
749 3808 819 3856 etiam
836 3809 935 3857 eundern
953 3809 978 3857 in
996 3809 1155 3868 Pisonianam,
1172 3825 1223 3874 pag.
1242 3810 1308 3863 70r.

140 3895 233 3943 Sueten.
257 3893 346 3941 111142
357 3913 362 3939 :
382 3892 488 3956 „Cuncta
497 3891 602 3955 collegia,
612 3896 701 3955 praeter
709 3891 841 3954 antiquitus
850 3893 983 3950 constituta,
993 3892 1124 3942 distraxit.''
1142 3893 1177 3942 Id.
1187 3895 1248 3956 Aug.
1259 3893 1291 3942 32
1303 3915 1309 3942 z

141 3976 262 4041 „collegia
279 3979 371 4040 praeter
388 3975 485 4038 antiqua
502 3973 780 4038 etlegitimudissolvit.”
799 3975 864 4022 inter
872 3975 928 4023 haec
938 3974 1052 4039 „collegia
1060 3976 1157 4040 antiqua
1165 3980 1188 4026 et
1196 3976 1309 4041 legitima,

139 4076 197 4124 quae
215 4060 307 4109 utilitas
317 4058 419 4107 civitatis
430 4056 605 4116 desiderasset,’'
616 4056 708 4106 Numae
716 4053 821 4122 primurn
830 4056 908 4106 locum
918 4056 1047 4108 obtinuisse
1055 4059 1109 4123 quis
1117 4059 1163 4108 erit
1171 4059 1213 4124 qui
1222 4063 1309 4125 neget?

140 4142 176 4191 Gt.
204 4142 333 4192 Liebenam
351 4143 419 4191 Rem.
437 4141 563 4190 Vereinsw.
581 4157 631 4205 pag.
652 4139 691 4199 24,
709 4139 749 4198 27,
767 4140 799 4188 30
809 4159 815 4196 ;
833 4139 952 4204 Waltzing
968 4139 1014 4190 11.
1031 4157 1083 4207 pag.
1103 4142 1159 4201 110,
1177 4142 1233 4201 lla,
1252 4143 1311 4193 116..

174 4226 193 4287 Ι)
210 4225 328 4290 Waltziug
345 4225 361 4274 l.
380 4225 396 4273 l.
415 4241 466 4289 pag.
485 4225 525 4282 67,
543 4223 590 4280 78;
608 4222 710 4282 wallon,
729 4223 793 4271 Hist.
811 4223 838 4271 de
855 4221 945 4282 l'Escl,
963 4222 1000 4272 11¹
1016 4239 1067 4289 pag.
1086 4224 1125 4273 11.
