3226 4998
843 458 888 521 la

281 635 392 704 varias
415 656 533 702 causas
556 632 785 719 reipublicae
810 635 943 701 funesto
967 634 1106 701 obviam
1129 635 1176 700 ire
1201 636 1352 723 itemque
1378 635 1451 703 vin-

280 747 399 816 culum
442 748 568 813 inicere
603 745 884 832 periclitabantur
917 747 1120 813 immodicae
1157 747 1345 834 cupiditati,
1383 770 1451 835 qua

281 862 403 928 divites
430 881 528 945 agros
551 858 799 954 continuabant
823 857 858 946 1).
884 859 1010 926 Omnia
1035 861 1168 926 frustra,
1205 861 1296 927 Ordo
1321 867 1452 926 senato·

280 974 359 1056 rius,
384 981 422 1040 ut
445 996 465 1039 a
487 973 633 1058 negotiis
655 973 813 1058 gerendis
836 973 994 1039 exclusus
1017 981 1098 1055 erat,
1123 975 1170 1040 ita
1195 975 1309 1040 minus
1332 997 1451 1060 grara-

279 1088 380 1154 batur
402 1085 428 1175 2)
454 1087 680 1171 ,coniungere
703 1085 847 1151 domum
859 1086 903 1151 ad
915 1087 1057 1152 domum
1070 1094 1103 1152 et
1116 1109 1239 1172 agrum
1254 1107 1335 1172 agro
1349 1109 1452 1174 copu-

278 1201 348 1267 lare
372 1221 479 1287 usque
504 1199 548 1264 ad
571 1199 759 1264 terminum
780 1198 878 1280 loci'',
902 1205 941 1264 ut
964 1199 1014 1264 illi
1037 1199 1224 1286 locupletes
1238 1200 1362 1287 quibus
1375 1223 1451 1287 pro-

279 1315 382 1400 pheta
415 1314 520 1380 Isaias
553 1310 579 1399 ⁸)
614 1312 762 1380 lehovae
797 1312 909 1378 verbis
945 1313 1056 1378 minas
1090 1314 1179 1394 iacit,
1216 1336 1296 1380 cum
1325 1314 1448 1379 acerba

278 1426 546 1493 dissimulatione
571 1447 746 1512 quaerens
771 1426 942 1512 numquid
965 1426 1153 1492 habitaturi
1176 1435 1288 1492 essent
1300 1427 1352 1492 illi
1366 1427 1448 1507 ,soli

277 1543 314 1607 in
338 1541 451 1606 medio
474 1539 615 1604 terrae.''
641 1538 823 1604 Traditum
846 1545 896 1604 est
911 1539 980 1604 iam
993 1562 1084 1606 anno
1097 1562 1126 1606 a.
1142 1563 1173 1605 u.
1187 1561 1215 1606 o.
1231 1540 1296 1605 620
1309 1540 1351 1628 (a.
1366 1541 1445 1606 Chr.

279 1678 312 1720 n.
334 1654 412 1740 234)
424 1654 461 1718 in
470 1652 608 1718 Etruria
620 1651 757 1716 nullum
769 1652 917 1738 amplius
929 1653 1114 1737 agricolam
1126 1653 1237 1734 fuisse,
1252 1654 1312 1740 qui
1324 1676 1448 1738 agrum

277 1769 471 1833 immunem
492 1765 707 1851 liberumque
732 1772 851 1831 araret.
872 1766 897 1852 4)
932 1766 986 1831 Sic
1010 1766 1206 1832 oriebantur
1216 1767 1407 1848 latifundia,
1422 1768 1445 1854 5)

277 1903 365 1969 quae
386 1879 519 1944 Plinius
541 1879 579 1943 in
601 1879 744 1944 summis
768 1879 866 1943 malis
890 1880 987 1965 ponit
1004 1902 1092 1966 quae
1105 1881 1237 1947 civitati
1251 1881 1444 1947 acciderint.

278 1994 460 2060 Exclamat
483 1993 595 2058 enim:
647 1993 866 2078 „Verumque
890 1993 1132 2058 confitentibus
1144 1994 1325 2060 latifundia
1337 1995 1446 2081 perdi-

278 2109 358 2175 dere
393 2107 539 2188 Italiam,
569 2107 639 2170 iam
668 2117 750 2171 ¹vero
773 2112 807 2170 et
833 2107 1057 2191 provincias.''
1085 2106 1111 2193 6)
1157 2108 1211 2172 Ita
1234 2129 1303 2173 sors
1326 2130 1445 2174 eorum

278 2223 338 2310 qui
372 2221 548 2308 quondam
583 2219 665 2285 navi
701 2225 734 2284 et
770 2219 929 2284 industrii
963 2221 1132 2305 agricolae
1156 2222 1291 2287 fuerant
1313 2223 1350 2286 in
1374 2223 1444 2288 dies

312 2431 329 2491 ¹)
356 2431 420 2478 Haeo
444 2428 524 2478 omnia
550 2426 654 2476 dilucide
679 2425 787 2490 exposuit
813 2427 936 2490 Appianus
963 2428 998 2489 (Β.
1026 2429 1052 2476 C.
1080 2429 1108 2487 I,
1135 2431 1159 2489 8)
1178 2459 1209 2464 —
1227 2431 1321 2494 respicit
1337 2431 1366 2479 ad
1383 2431 1445 2496 leges

275 2520 380 2568 Licinias
406 2539 449 2566 -ι
471 2508 599 2584 η’έιομναν
620 2507 732 2584 μηδένα
754 2505 830 2586 ’ἔχειν
850 2509 937 2578 τῆςὸε
959 2519 1014 2580 τῆς
1034 2520 1092 2585 γῆς
1113 2513 1235 2587 πλέὲρα
1247 2518 1446 2576 πεντακοσίων

276 2612 407 2680 πλείονα,
430 2602 506 2684 μηδὲ
525 2603 719 2680 προβατεύειν
740 2602 845 2665 ἕκατον
866 2610 957 2664 πλείω
978 2605 1017 2666 τὰ
1039 2609 1157 2684 μείζονα
1178 2608 1226 2670 καί
1246 2613 1447 2672 πεντακοσίων

274 2703 314 2763 τὰ
345 2701 504 2763 ἐλάσσονα.
535 2700 583 2763 καί
616 2697 644 2767 ἐς
665 2705 762 2758 ταῦτα
783 2699 809 2759 δ’
831 2698 927 2770 αὐτοῖς
949 2701 1077 2780 ἂμῖνμόν
1098 2702 1257 2779 ἐλευθέρων
1277 2703 1354 2784 ἔχειν
1378 2703 1444 2765 ἔπε’-

274 2799 380 2878 ταξαν,
402 2801 430 2857 οἳ
445 2797 485 2857 τὰ
505 2794 669 2871 γιγνόμενοι
690 2794 826 2874 φυλάξειν
846 2816 881 2855 τε
902 2798 950 2858 καί
970 2801 1108 2874 μηνύσειν
1131 2799 1267 2876 ἐ’μελλον.
1289 2805 1317 2860 οἳ
1333 2799 1388 2876 μὲν
1409 2801 1444 2868 δὴ

273 2896 346 2955 τάδε
377 2895 455 2972 νόμῳ
486 2890 702 2968 πεμλαβόντες
726 2888 888 2966 ἐπώμοσαν
905 2891 952 2952 ε’πὶ
973 2903 1015 2972 τῷ
1039 2897 1119 2973 νόμῳ
1139 2895 1188 2958 καί
1208 2897 1318 2973 ζημίαν
1339 2897 1445 2972 λἰμσαν

273 3036 400 3052 .......
422 2989 536 3070 φροντίς
558 2987 584 3046 δ’
606 2983 725 3061 οὐδεμία
747 2971 781 3053 ἦν
803 2987 873 3047 οὔτε
885 2997 943 3047 τῶν
956 2991 1050 3067 νόμων
1061 2993 1128 3052 οὔτε
1140 3001 1199 3053 τῶν
1211 2991 1300 3070 ὅρκων
1311 3017 1339 3056 κ.
1351 3016 1380 3052 τ.
1393 2995 1443 3052 λ.”
1495 3013 1499 3018 ·

273 3089 309 3137 Cf.
327 3087 398 3136 ctiam
415 3087 468 3134 Liv.
486 3084 559 3142 XLII,
578 3083 601 3141 1,
620 3083 650 3138 6;
668 3082 717 3130 Cic.
736 3083 771 3130 De
788 3084 841 3146 Leg.
861 3101 907 3148 agr
927 3086 958 3144 Il,
978 3088 1017 3146 28,
1037 3089 1083 3142 783
1102 3091 1202 3154 Appiae.
1213 3091 1229 3138 l.
1240 3089 1257 3139 l.
1267 3091 1322 3155 Cep.
1334 3093 1348 3139 9
1359 3092 1395 3152 (de
1404 3091 1444 3138 ri-

270 3171 338 3220 berio
355 3169 486 3229 Graccho);
504 3171 562 3224 ete.;
581 3169 604 3214 et
620 3165 646 3212 in
663 3163 735 3212 Libro
752 3165 777 3212 Il
795 3165 870 3229 Caput
887 3168 915 3214 de
933 3169 1034 3231 Legibus
1052 3171 1150 3234 agrariis
1168 3173 1236 3221 etde
1254 3173 1368 3222 coloniis.

306 3254 325 3314 Ει
342 3253 379 3302 Of.
397 3253 441 3301 Ed.
459 3251 547 3315 Meyer,
565 3249 609 3296 Dic
626 3246 771 3296 uirtschaftl.
791 3248 971 3314 Ilntwickelung
988 3252 1028 3300 des
1047 3253 1185 3313 Altertume,
1203 3271 1254 3319 pag.
1275 3257 1306 3304 58
1323 3257 1376 3305 adn.
1396 3257 1418 3304 3.

304 3336 315 3368 ³
342 3336 374 3383 Is.
393 3334 421 3393 V,
440 3335 462 3382 8.

306 3341 325 3479 *λ
343 3418 456 3466 Momms.
474 3416 502 3464 R.
521 3416 549 3463 G.
568 3415 603 3462 ΙΙΒ
621 3431 672 3478 pag.
692 3415 731 3473 81,
750 3413 790 3462 ubi
808 3418 881 3461 errato
899 3416 1065 3480 typographico
1082 3417 1168 3482 legitur
1185 3435 1260 3468 annus
1278 3437 1297 3469 a.
1315 3437 1338 3468 u.
1357 3437 1376 3469 c.
1387 3422 1443 3470 520.

308 3505 325 3565 ⁵)
344 3504 446 3569 Appiae.
464 3502 481 3551 l.
499 3501 515 3550 l.
535 3501 600 3565 (Cap.
619 3501 658 3560 7):
685 3495 788 3561 ηπεὸία
810 3495 911 3570 praed
933 3496 998 3556 ἀντὶ
1020 3505 1130 3578 χωμίων
1151 3499 1343 3577 ε’γεὼργοον.”

306 3597 325 3656 ⁶)
342 3595 406 3644 Plia.
426 3595 455 3642 N.
474 3593 506 3642 H.
524 3592 612 3648 XVlll‚
631 3593 653 3650 6,
673 3593 711 3639 35.
729 3593 765 3640 De
783 3593 851 3640 modo
866 3609 913 3656 quo
923 3593 977 3641 haec
988 3594 1063 3643 Plinii
1075 3598 1144 3646 rerba
1153 3599 1288 3662 accipienda
1297 3603 1352 3647 sunt
1361 3599 1445 3647 scribit

198 3669 201 3675 ’
273 3679 361 3729 Friedl.
379 3676 534 3740 Sittengesch.
553 3675 623 3722 ltcms
635 3675 657 3723 Ifi
670 3691 722 3738 pag.
733 3675 780 3722 368
792 3703 821 3710 -
833 3679 925 3723 secutus
934 3681 967 3723 est
978 3677 1119 3737 Mommsen,
1130 3681 1174 3728 Die
1185 3681 1291 3730 italische
1301 3681 1443 3730 Bedenthei·

273 3749 334 3826 lang
351 3762 400 3810 und
417 3761 456 3808 die
473 3757 688 3813 Alimentartaseln,
707 3757 732 3804 ia
751 3757 850 3804 Hermes
868 3757 923 3804 XIX
942 3759 1024 3819 (1884)
1044 3783 1090 3808 -ι
1111 3763 1166 3824 ,der
1183 3767 1202 3810 a.
1222 3763 1316 3813 Plinius
1334 3765 1443 3813 kanubei

273 3845 364 3893 scirem
388 3843 520 3890 bekannten
538 3838 684 3903 Ausspruch‚
702 3838 755 3886 dass
772 3839 813 3886 der
831 3839 1052 3902 Grossgrundbesitz
1068 3843 1153 3892 ltalien
1171 3862 1199 3893 zu
1218 3847 1313 3896 Grunde
1329 3849 1444 3912 geriohtet

273 3929 339 3987 habe,
360 3927 410 3975 und
434 3941 484 3973 nun
510 3923 569 3972 auch
594 3924 632 3971 die
657 3923 797 3979 Provinzen,
820 3923 866 3970 wol
892 3940 939 3971 nur
966 3941 994 3972 an
1013 3927 1051 3974 die
1068 3927 1237 3994 Verdi‘aagung
1253 3932 1294 3979 der
1310 3934 1444 3997 arsiissigen

273 4010 435 4059 Kleinbaueru
460 4006 535 4055 durch
559 4005 598 4053 die
623 4004 825 4069 eigenthumloscn
854 4005 1024 4069 Kleinpitchter
1049 4010 1147 4072 gedaclrt
1172 4012 1272 4062 haben.’'
1308 4016 1341 4064 lli
1358 4017 1443 4064 Klein·

273 4095 374 4158 piielater
399 4088 577 4156 appellabantur
602 4086 726 4150 „coloni,'’
752 4086 839 4149 quibus
866 4087 994 4152 locupletes
1016 4091 1102 4140 fundos
1127 4109 1179 4142 suos
1196 4095 1304 4145 colendos
1321 4098 1446 4147 tradidisse

276 4178 339 4226 inira
355 4175 448 4224 docebo.
