<?xml version="1.0" encoding="UTF-8"?>
<!DOCTYPE html PUBLIC "-//W3C//DTD XHTML 1.0 Transitional//EN"
    "http://www.w3.org/TR/xhtml1/DTD/xhtml1-transitional.dtd">
<html xmlns="http://www.w3.org/1999/xhtml" xml:lang="en" lang="en">
 <head>
  <title>
</title>
<meta http-equiv="Content-Type" content="text/html;charset=utf-8" />
  <meta name='ocr-system' content='tesseract 3.04.00' />
  <meta name='ocr-capabilities' content='ocr_page ocr_carea ocr_par ocr_line ocrx_word'/>
</head>
<body>
  <div class='ocr_page' id='page_1' title='image "./depauperumcuraa00essegoog_0059.png"; bbox 0 0 3226 4998; ppageno 0'>
   <div class='ocr_carea' id='block_1_1' title="bbox 509 1712 1024 2025">
    <p class='ocr_par' dir='ltr' id='par_1_1' title="bbox 509 1712 1024 2025">
     <span class='ocr_line' id='line_1_1' title="bbox 671 1712 861 1780; baseline -0.005 -1"><span class='ocrx_word' id='word_1_1' title='bbox 671 1714 789 1780; x_wconf 77' lang='lat' dir='ltr'>Onrur</span> <span class='ocrx_word' id='word_1_2' title='bbox 815 1712 861 1778; x_wconf 91' lang='grc' dir='ltr'>ΙΙ.</span> 
     </span>
     <span class='ocr_line' id='line_1_2' title="bbox 509 1937 1024 2025; baseline -0.002 -20"><span class='ocrx_word' id='word_1_3' title='bbox 509 1941 557 2005; x_wconf 77' lang='lat' dir='ltr'>‚Do</span> <span class='ocrx_word' id='word_1_4' title='bbox 580 1941 689 2006; x_wconf 43' lang='lat' dir='ltr'>odvulto</span> <span class='ocrx_word' id='word_1_5' title='bbox 711 1940 845 2025; x_wconf 74' lang='lat' dir='ltr'>imperio</span> <span class='ocrx_word' id='word_1_6' title='bbox 868 1937 1024 2004; x_wconf 76' lang='lat' dir='ltr'>Romano.</span> 
     </span>
    </p>
   </div>
   <div class='ocr_carea' id='block_1_2' title="bbox 181 2164 1386 3954">
    <p class='ocr_par' dir='ltr' id='par_1_2' title="bbox 181 2164 1351 2821">
     <span class='ocr_line' id='line_1_3' title="bbox 227 2164 1351 2253; baseline -0.002 -21"><span class='ocrx_word' id='word_1_7' title='bbox 227 2167 432 2251; x_wconf 88' lang='lat' dir='ltr'>Legentium</span> <span class='ocrx_word' id='word_1_8' title='bbox 455 2167 625 2253; x_wconf 84' lang='lat' dir='ltr'>plerisque</span> <span class='ocrx_word' id='word_1_9' title='bbox 649 2166 743 2232; x_wconf 92' lang='lat' dir='ltr'>haud</span> <span class='ocrx_word' id='word_1_10' title='bbox 767 2165 885 2231; x_wconf 84' lang='lat' dir='ltr'>dubito</span> <span class='ocrx_word' id='word_1_11' title='bbox 910 2165 995 2252; x_wconf 90' lang='lat' dir='ltr'>quin</span> <span class='ocrx_word' id='word_1_12' title='bbox 1017 2204 1061 2214; x_wconf 93' lang='lat'><em>-</em></span> <span class='ocrx_word' id='word_1_13' title='bbox 1084 2170 1122 2230; x_wconf 84' lang='lat' dir='ltr'>ut</span> <span class='ocrx_word' id='word_1_14' title='bbox 1133 2165 1225 2232; x_wconf 90' lang='lat' dir='ltr'>Livii</span> <span class='ocrx_word' id='word_1_15' title='bbox 1236 2164 1351 2233; x_wconf 86' lang='lat' dir='ltr'>verbis</span> 
     </span>
     <span class='ocr_line' id='line_1_4' title="bbox 183 2278 1350 2366; baseline 0.001 -22"><span class='ocrx_word' id='word_1_16' title='bbox 183 2286 259 2346; x_wconf 89' lang='lat' dir='ltr'>utar</span> <span class='ocrx_word' id='word_1_17' title='bbox 294 2309 340 2328; x_wconf 92' lang='lat'>·—</span> <span class='ocrx_word' id='word_1_18' title='bbox 374 2280 504 2366; x_wconf 83' lang='lat' dir='ltr'>primae</span> <span class='ocrx_word' id='word_1_19' title='bbox 550 2281 697 2364; x_wconf 78' lang='lat' dir='ltr'>origines</span> <span class='ocrx_word' id='word_1_20' title='bbox 741 2280 967 2366; x_wconf 82' lang='lat' dir='ltr'>proximaque</span> <span class='ocrx_word' id='word_1_21' title='bbox 1007 2278 1196 2364; x_wconf 85' lang='lat' dir='ltr'>originibus</span> <span class='ocrx_word' id='word_1_22' title='bbox 1236 2279 1350 2346; x_wconf 89' lang='lat' dir='ltr'>minus</span> 
     </span>
     <span class='ocr_line' id='line_1_5' title="bbox 184 2391 1349 2480; baseline -0.001 -21"><span class='ocrx_word' id='word_1_23' title='bbox 184 2392 380 2479; x_wconf 87' lang='lat' dir='ltr'>praebitura</span> <span class='ocrx_word' id='word_1_24' title='bbox 419 2393 604 2480; x_wconf 87' lang='lat' dir='ltr'>voluptatis</span> <span class='ocrx_word' id='word_1_25' title='bbox 639 2393 708 2458; x_wconf 90' lang='lat' dir='ltr'>sint</span> <span class='ocrx_word' id='word_1_26' title='bbox 742 2392 981 2458; x_wconf 78' lang='lat' dir='ltr'>festinantibus</span> <span class='ocrx_word' id='word_1_27' title='bbox 1014 2391 1058 2458; x_wconf 91' lang='lat' dir='ltr'>ad</span> <span class='ocrx_word' id='word_1_28' title='bbox 1091 2391 1151 2457; x_wconf 92' lang='lat' dir='ltr'>illa</span> <span class='ocrx_word' id='word_1_29' title='bbox 1184 2397 1349 2479; x_wconf 87' lang='lat' dir='ltr'>tempora,</span> 
     </span>
     <span class='ocr_line' id='line_1_6' title="bbox 183 2505 1350 2594; baseline 0.001 -23"><span class='ocrx_word' id='word_1_30' title='bbox 183 2505 307 2593; x_wconf 91' lang='lat' dir='ltr'>quibus</span> <span class='ocrx_word' id='word_1_31' title='bbox 340 2507 410 2572; x_wconf 91' lang='lat' dir='ltr'>iam</span> <span class='ocrx_word' id='word_1_32' title='bbox 436 2507 571 2594; x_wconf 82' lang='lat' dir='ltr'>pridem</span> <span class='ocrx_word' id='word_1_33' title='bbox 593 2507 821 2594; x_wconf 84' lang='lat' dir='ltr'>praevalentis</span> <span class='ocrx_word' id='word_1_34' title='bbox 844 2505 963 2593; x_wconf 89' lang='lat' dir='ltr'>populi</span> <span class='ocrx_word' id='word_1_35' title='bbox 986 2505 1075 2572; x_wconf 87' lang='lat' dir='ltr'>vires</span> <span class='ocrx_word' id='word_1_36' title='bbox 1098 2527 1132 2572; x_wconf 87' lang='lat' dir='ltr'>se</span> <span class='ocrx_word' id='word_1_37' title='bbox 1155 2505 1248 2592; x_wconf 86' lang='lat' dir='ltr'>ipsae</span> <span class='ocrx_word' id='word_1_38' title='bbox 1272 2527 1350 2572; x_wconf 91' lang='lat' dir='ltr'>con·</span> 
     </span>
     <span class='ocr_line' id='line_1_7' title="bbox 181 2617 1350 2706; baseline 0.001 -22"><span class='ocrx_word' id='word_1_39' title='bbox 181 2619 311 2685; x_wconf 86' lang='lat' dir='ltr'>ficiunt.</span> <span class='ocrx_word' id='word_1_40' title='bbox 338 2617 364 2706; x_wconf 91' lang='lat'>¹)</span> <span class='ocrx_word' id='word_1_41' title='bbox 410 2619 559 2686; x_wconf 86' lang='lat' dir='ltr'>Horum¹</span> <span class='ocrx_word' id='word_1_42' title='bbox 572 2619 737 2686; x_wconf 88' lang='lat' dir='ltr'>desiderio</span> <span class='ocrx_word' id='word_1_43' title='bbox 760 2619 977 2705; x_wconf 77' lang='lat' dir='ltr'>indulgentes</span> <span class='ocrx_word' id='word_1_44' title='bbox 1000 2618 1095 2686; x_wconf 88' lang='lat' dir='ltr'>velut</span> <span class='ocrx_word' id='word_1_45' title='bbox 1118 2619 1350 2685; x_wconf 79' lang='lat' dir='ltr'>transiliamus</span> 
     </span>
     <span class='ocr_line' id='line_1_8' title="bbox 184 2731 1205 2821; baseline 0.001 -23"><span class='ocrx_word' id='word_1_46' title='bbox 184 2733 227 2798; x_wconf 92' lang='lat' dir='ltr'>ad</span> <span class='ocrx_word' id='word_1_47' title='bbox 249 2731 336 2798; x_wconf 89' lang='lat' dir='ltr'>illud</span> <span class='ocrx_word' id='word_1_48' title='bbox 359 2734 524 2820; x_wconf 90' lang='lat' dir='ltr'>temporis</span> <span class='ocrx_word' id='word_1_49' title='bbox 547 2735 707 2821; x_wconf 85' lang='lat' dir='ltr'>spatium,</span> <span class='ocrx_word' id='word_1_50' title='bbox 732 2734 825 2821; x_wconf 92' lang='lat' dir='ltr'>quod</span> <span class='ocrx_word' id='word_1_51' title='bbox 847 2733 968 2820; x_wconf 86' lang='lat' dir='ltr'>incipit</span> <span class='ocrx_word' id='word_1_52' title='bbox 989 2755 1009 2798; x_wconf 92' lang='lat' dir='ltr'>a</span> <span class='ocrx_word' id='word_1_53' title='bbox 1032 2731 1205 2800; x_wconf 84' lang='lat' dir='ltr'>Gracchis.</span> 
     </span>
    </p>

    <p class='ocr_par' dir='ltr' id='par_1_3' title="bbox 181 2846 1386 3727">
     <span class='ocr_line' id='line_1_9' title="bbox 226 2846 1386 2931; baseline 0 -19"><span class='ocrx_word' id='word_1_54' title='bbox 226 2847 354 2931; x_wconf 88' lang='lat' dir='ltr'>Magna</span> <span class='ocrx_word' id='word_1_55' title='bbox 376 2847 466 2913; x_wconf 84' lang='lat' dir='ltr'>facta</span> <span class='ocrx_word' id='word_1_56' title='bbox 479 2853 528 2913; x_wconf 90' lang='lat' dir='ltr'>est</span> <span class='ocrx_word' id='word_1_57' title='bbox 551 2869 667 2914; x_wconf 89' lang='lat' dir='ltr'>rerum</span> <span class='ocrx_word' id='word_1_58' title='bbox 679 2853 712 2913; x_wconf 90' lang='lat' dir='ltr'>et</span> <span class='ocrx_word' id='word_1_59' title='bbox 728 2848 924 2914; x_wconf 88' lang='lat' dir='ltr'>animorum</span> <span class='ocrx_word' id='word_1_60' title='bbox 935 2847 1168 2913; x_wconf 87' lang='lat' dir='ltr'>commutatio.</span> <span class='ocrx_word' id='word_1_61' title='bbox 1192 2846 1350 2912; x_wconf 84' lang='lat' dir='ltr'>Romana</span> <span class='ocrx_word' id='word_1_62' title='bbox 1383 2894 1386 2898; x_wconf 63' lang='grc'><strong><em>»</em></strong></span> 
     </span>
     <span class='ocr_line' id='line_1_10' title="bbox 182 2959 1350 3047; baseline 0.002 -23"><span class='ocrx_word' id='word_1_63' title='bbox 182 2959 310 3041; x_wconf 86' lang='lat' dir='ltr'>civitae,</span> <span class='ocrx_word' id='word_1_64' title='bbox 347 2959 390 3026; x_wconf 92' lang='lat' dir='ltr'>ab</span> <span class='ocrx_word' id='word_1_65' title='bbox 426 2961 562 3046; x_wconf 85' lang='lat' dir='ltr'>exiguis</span> <span class='ocrx_word' id='word_1_66' title='bbox 585 2961 736 3047; x_wconf 86' lang='lat' dir='ltr'>prosecta</span> <span class='ocrx_word' id='word_1_67' title='bbox 769 2961 884 3042; x_wconf 76' lang='lat' dir='ltr'>initiis,</span> <span class='ocrx_word' id='word_1_68' title='bbox 921 2982 960 3026; x_wconf 88' lang='lat' dir='ltr'>eo</span> <span class='ocrx_word' id='word_1_69' title='bbox 983 2961 1100 3041; x_wconf 76' lang='lat' dir='ltr'>crevit,</span> <span class='ocrx_word' id='word_1_70' title='bbox 1125 2961 1257 3026; x_wconf 85' lang='lat' dir='ltr'>utiam</span> <span class='ocrx_word' id='word_1_71' title='bbox 1279 2983 1350 3026; x_wconf 92' lang='lat' dir='ltr'>ma·</span> 
     </span>
     <span class='ocr_line' id='line_1_11' title="bbox 182 3072 1348 3160; baseline 0.001 -23"><span class='ocrx_word' id='word_1_72' title='bbox 182 3072 362 3158; x_wconf 91' lang='lat' dir='ltr'>gnitudine</span> <span class='ocrx_word' id='word_1_73' title='bbox 385 3072 517 3140; x_wconf 89' lang='lat' dir='ltr'>laboret</span> <span class='ocrx_word' id='word_1_74' title='bbox 545 3096 615 3140; x_wconf 90' lang='lat' dir='ltr'>sua.</span> <span class='ocrx_word' id='word_1_75' title='bbox 662 3075 717 3140; x_wconf 85' lang='lat' dir='ltr'>Ex</span> <span class='ocrx_word' id='word_1_76' title='bbox 729 3073 889 3140; x_wconf 78' lang='lat' dir='ltr'>omullus</span> <span class='ocrx_word' id='word_1_77' title='bbox 900 3073 998 3140; x_wconf 90' lang='lat' dir='ltr'>bellis</span> <span class='ocrx_word' id='word_1_78' title='bbox 1008 3095 1101 3160; x_wconf 90' lang='lat' dir='ltr'>-quae</span> <span class='ocrx_word' id='word_1_79' title='bbox 1113 3073 1226 3158; x_wconf 87' lang='lat' dir='ltr'>gessit,</span> <span class='ocrx_word' id='word_1_80' title='bbox 1240 3073 1348 3160; x_wconf 89' lang='lat' dir='ltr'>iisque</span> 
     </span>
     <span class='ocr_line' id='line_1_12' title="bbox 185 3185 1349 3274; baseline 0.001 -25"><span class='ocrx_word' id='word_1_81' title='bbox 185 3187 565 3273; x_wconf 17' lang='lat' dir='ltr'>maxime-periculosis,</span> <span class='ocrx_word' id='word_1_82' title='bbox 591 3188 744 3274; x_wconf 83' lang='lat' dir='ltr'>superior</span> <span class='ocrx_word' id='word_1_83' title='bbox 767 3188 935 3254; x_wconf 86' lang='lat' dir='ltr'>discessit:</span> <span class='ocrx_word' id='word_1_84' title='bbox 971 3187 1151 3271; x_wconf 81' lang='lat' dir='ltr'>Carthago,</span> <span class='ocrx_word' id='word_1_85' title='bbox 1165 3187 1278 3271; x_wconf 87' lang='lat' dir='ltr'>gravis</span> <span class='ocrx_word' id='word_1_86' title='bbox 1289 3185 1349 3251; x_wconf 90' lang='lat' dir='ltr'>illa</span> 
     </span>
     <span class='ocr_line' id='line_1_13' title="bbox 182 3299 1347 3381; baseline 0.001 -17"><span class='ocrx_word' id='word_1_87' title='bbox 182 3299 326 3380; x_wconf 91' lang='lat' dir='ltr'>aemula,</span> <span class='ocrx_word' id='word_1_88' title='bbox 364 3301 520 3366; x_wconf 83' lang='lat' dir='ltr'>funditus</span> <span class='ocrx_word' id='word_1_89' title='bbox 556 3307 605 3367; x_wconf 88' lang='lat' dir='ltr'>est</span> <span class='ocrx_word' id='word_1_90' title='bbox 643 3301 795 3381; x_wconf 90' lang='lat' dir='ltr'>sublata;</span> <span class='ocrx_word' id='word_1_91' title='bbox 822 3301 1035 3381; x_wconf 81' lang='lat' dir='ltr'>Corinthum,</span> <span class='ocrx_word' id='word_1_92' title='bbox 1060 3300 1163 3365; x_wconf 87' lang='lat' dir='ltr'>totius</span> <span class='ocrx_word' id='word_1_93' title='bbox 1186 3299 1347 3365; x_wconf 80' lang='lat' dir='ltr'>Graeciae</span> 
     </span>
     <span class='ocr_line' id='line_1_14' title="bbox 183 3411 1348 3502; baseline 0 -25"><span class='ocrx_word' id='word_1_94' title='bbox 183 3411 310 3494; x_wconf 91' lang='lat' dir='ltr'>lumen,</span> <span class='ocrx_word' id='word_1_95' title='bbox 347 3414 556 3480; x_wconf 84' lang='lat' dir='ltr'>exstinctum</span> <span class='ocrx_word' id='word_1_96' title='bbox 590 3437 659 3480; x_wconf 89' lang='lat' dir='ltr'>esse</span> <span class='ocrx_word' id='word_1_97' title='bbox 695 3415 805 3482; x_wconf 87' lang='lat' dir='ltr'>voluit</span> <span class='ocrx_word' id='word_1_98' title='bbox 817 3438 824 3496; x_wconf 90' lang='lat'>;</span> <span class='ocrx_word' id='word_1_99' title='bbox 861 3413 887 3502; x_wconf 73' lang='lat'>⁹)</span> <span class='ocrx_word' id='word_1_100' title='bbox 922 3414 1022 3480; x_wconf 84' lang='lat' dir='ltr'>Asiae</span> <span class='ocrx_word' id='word_1_101' title='bbox 1055 3414 1174 3498; x_wconf 90' lang='lat' dir='ltr'>magni</span> <span class='ocrx_word' id='word_1_102' title='bbox 1210 3413 1348 3500; x_wconf 89' lang='lat' dir='ltr'>spiritus</span> 
     </span>
     <span class='ocr_line' id='line_1_15' title="bbox 186 3525 1348 3615; baseline 0.002 -25"><span class='ocrx_word' id='word_1_103' title='bbox 186 3525 284 3591; x_wconf 87' lang='lat' dir='ltr'>fracti</span> <span class='ocrx_word' id='word_1_104' title='bbox 309 3533 389 3592; x_wconf 90' lang='lat' dir='ltr'>sunt</span> <span class='ocrx_word' id='word_1_105' title='bbox 412 3534 446 3593; x_wconf 86' lang='lat' dir='ltr'>et</span> <span class='ocrx_word' id='word_1_106' title='bbox 469 3529 623 3615; x_wconf 90' lang='lat' dir='ltr'>repressi.</span> <span class='ocrx_word' id='word_1_107' title='bbox 669 3528 763 3594; x_wconf 89' lang='lat' dir='ltr'>Iusto</span> <span class='ocrx_word' id='word_1_108' title='bbox 775 3529 848 3594; x_wconf 89' lang='lat' dir='ltr'>iure</span> <span class='ocrx_word' id='word_1_109' title='bbox 861 3549 894 3594; x_wconf 91' lang='lat' dir='ltr'>se</span> <span class='ocrx_word' id='word_1_110' title='bbox 907 3529 980 3614; x_wconf 91' lang='lat' dir='ltr'>ipsa</span> <span class='ocrx_word' id='word_1_111' title='bbox 991 3534 1158 3593; x_wconf 88' lang='lat' dir='ltr'>terrarum</span> <span class='ocrx_word' id='word_1_112' title='bbox 1172 3527 1348 3592; x_wconf 91' lang='lat' dir='ltr'>dominam</span> 
     </span>
     <span class='ocr_line' id='line_1_16' title="bbox 181 3639 496 3727; baseline 0.01 -24"><span class='ocrx_word' id='word_1_113' title='bbox 181 3639 353 3725; x_wconf 89' lang='lat' dir='ltr'>appellare</span> <span class='ocrx_word' id='word_1_114' title='bbox 376 3647 496 3727; x_wconf 88' lang='lat' dir='ltr'>potest.</span> 
     </span>
    </p>

    <p class='ocr_par' dir='ltr' id='par_1_4' title="bbox 181 3752 1347 3954">
     <span class='ocr_line' id='line_1_17' title="bbox 223 3752 1347 3842; baseline 0 -25"><span class='ocrx_word' id='word_1_115' title='bbox 223 3752 291 3817; x_wconf 83' lang='lat' dir='ltr'>Sed</span> <span class='ocrx_word' id='word_1_116' title='bbox 315 3752 453 3820; x_wconf 84' lang='lat' dir='ltr'>fallaces</span> <span class='ocrx_word' id='word_1_117' title='bbox 477 3762 556 3820; x_wconf 88' lang='lat' dir='ltr'>sunt</span> <span class='ocrx_word' id='word_1_118' title='bbox 579 3775 696 3820; x_wconf 90' lang='lat' dir='ltr'>rerum</span> <span class='ocrx_word' id='word_1_119' title='bbox 719 3757 847 3842; x_wconf 90' lang='lat' dir='ltr'>species</span> <span class='ocrx_word' id='word_1_120' title='bbox 871 3755 995 3841; x_wconf 88' lang='lat' dir='ltr'>quibus</span> <span class='ocrx_word' id='word_1_121' title='bbox 1012 3754 1191 3820; x_wconf 90' lang='lat' dir='ltr'>credimus.</span> <span class='ocrx_word' id='word_1_122' title='bbox 1239 3753 1274 3818; x_wconf 84' lang='lat' dir='ltr'>Si</span> <span class='ocrx_word' id='word_1_123' title='bbox 1288 3753 1347 3840; x_wconf 93' lang='lat' dir='ltr'>qui</span> 
     </span>
     <span class='ocr_line' id='line_1_18' title="bbox 181 3865 1347 3954; baseline 0.003 -24"><span class='ocrx_word' id='word_1_124' title='bbox 181 3865 291 3952; x_wconf 87' lang='lat' dir='ltr'>specie</span> <span class='ocrx_word' id='word_1_125' title='bbox 316 3888 387 3932; x_wconf 91' lang='lat' dir='ltr'>non</span> <span class='ocrx_word' id='word_1_126' title='bbox 410 3867 677 3954; x_wconf 80' lang='lat' dir='ltr'>decipiebantur,</span> <span class='ocrx_word' id='word_1_127' title='bbox 702 3868 761 3935; x_wconf 89' lang='lat' dir='ltr'>sed</span> <span class='ocrx_word' id='word_1_128' title='bbox 783 3889 899 3934; x_wconf 90' lang='lat' dir='ltr'>rerum</span> <span class='ocrx_word' id='word_1_129' title='bbox 921 3869 1090 3934; x_wconf 89' lang='lat' dir='ltr'>rationem</span> <span class='ocrx_word' id='word_1_130' title='bbox 1112 3867 1156 3932; x_wconf 92' lang='lat' dir='ltr'>ad</span> <span class='ocrx_word' id='word_1_131' title='bbox 1167 3867 1347 3934; x_wconf 88' lang='lat' dir='ltr'>veritatem</span> 
     </span>
    </p>
   </div>
   <div class='ocr_carea' id='block_1_3' title="bbox 214 4075 1356 4143">
    <p class='ocr_par' dir='ltr' id='par_1_5' title="bbox 214 4075 1356 4143">
     <span class='ocr_line' id='line_1_19' title="bbox 214 4075 1356 4143; baseline 0.002 -18"><span class='ocrx_word' id='word_1_132' title='bbox 214 4075 230 4136; x_wconf 88' lang='lat'>¹)</span> <span class='ocrx_word' id='word_1_133' title='bbox 268 4077 305 4125; x_wconf 84' lang='lat' dir='ltr'>Ita</span> <span class='ocrx_word' id='word_1_134' title='bbox 322 4076 407 4126; x_wconf 82' lang='lat' dir='ltr'>Livius</span> <span class='ocrx_word' id='word_1_135' title='bbox 424 4078 485 4140; x_wconf 78' lang='lat' dir='ltr'>(Lib.</span> <span class='ocrx_word' id='word_1_136' title='bbox 503 4079 524 4138; x_wconf 90' lang='grc' dir='ltr'>Ι,</span> <span class='ocrx_word' id='word_1_137' title='bbox 541 4079 616 4128; x_wconf 72' lang='lat' dir='ltr'>Praei.</span> <span class='ocrx_word' id='word_1_138' title='bbox 635 4081 660 4140; x_wconf 79' lang='lat'>4)</span> <span class='ocrx_word' id='word_1_139' title='bbox 678 4079 762 4127; x_wconf 77' lang='lat' dir='ltr'>scribit</span> <span class='ocrx_word' id='word_1_140' title='bbox 779 4080 807 4128; x_wconf 87' lang='lat' dir='ltr'>de</span> <span class='ocrx_word' id='word_1_141' title='bbox 824 4079 873 4128; x_wconf 78' lang='lat' dir='ltr'>ruis</span> <span class='ocrx_word' id='word_1_142' title='bbox 889 4079 1036 4143; x_wconf 74' lang='lat' dir='ltr'>temporibus</span> <span class='ocrx_word' id='word_1_143' title='bbox 1053 4083 1077 4126; x_wconf 83' lang='lat' dir='ltr'>et</span> <span class='ocrx_word' id='word_1_144' title='bbox 1093 4079 1122 4127; x_wconf 87' lang='lat' dir='ltr'>de</span> <span class='ocrx_word' id='word_1_145' title='bbox 1139 4079 1356 4142; x_wconf 72' lang='lat' dir='ltr'>iisquacproxime&#39;</span> 
     </span>
    </p>
   </div>
   <div class='ocr_carea' id='block_1_4' title="bbox 177 4159 1162 4314">
    <p class='ocr_par' dir='ltr' id='par_1_6' title="bbox 177 4159 1162 4314">
     <span class='ocr_line' id='line_1_20' title="bbox 177 4159 1162 4226; baseline 0.004 -22"><span class='ocrx_word' id='word_1_146' title='bbox 177 4160 362 4217; x_wconf 60' lang='lat' dir='ltr'>enumerem</span> <span class='ocrx_word' id='word_1_147' title='bbox 381 4159 442 4209; x_wconf 88' lang='lat' dir='ltr'>mihi</span> <span class='ocrx_word' id='word_1_148' title='bbox 458 4163 537 4210; x_wconf 79' lang='lat' dir='ltr'>temen</span> <span class='ocrx_word' id='word_1_149' title='bbox 554 4161 603 4210; x_wconf 79' lang='lat' dir='ltr'>iam</span> <span class='ocrx_word' id='word_1_150' title='bbox 620 4161 646 4209; x_wconf 92' lang='lat' dir='ltr'>in</span> <span class='ocrx_word' id='word_1_151' title='bbox 664 4161 824 4210; x_wconf 83' lang='lat' dir='ltr'>Gracchorum</span> <span class='ocrx_word' id='word_1_152' title='bbox 842 4165 914 4210; x_wconf 79' lang='lat' dir='ltr'>aetate</span> <span class='ocrx_word' id='word_1_153' title='bbox 932 4161 1010 4210; x_wconf 81' lang='lat' dir='ltr'>valere</span> <span class='ocrx_word' id='word_1_154' title='bbox 1027 4161 1162 4226; x_wconf 69' lang='lat' dir='ltr'>videntur</span> 
     </span>
     <span class='ocr_line' id='line_1_21' title="bbox 211 4238 1071 4314; baseline 0.003 -26"><span class='ocrx_word' id='word_1_155' title='bbox 211 4239 230 4301; x_wconf 70' lang='lat'>²)</span> <span class='ocrx_word' id='word_1_156' title='bbox 265 4239 301 4289; x_wconf 81' lang='lat' dir='ltr'>Os.</span> <span class='ocrx_word' id='word_1_157' title='bbox 320 4240 368 4314; x_wconf 75' lang='lat' dir='ltr'>(lic</span> <span class='ocrx_word' id='word_1_158' title='bbox 387 4241 423 4290; x_wconf 84' lang='lat' dir='ltr'>De</span> <span class='ocrx_word' id='word_1_159' title='bbox 439 4242 501 4308; x_wconf 87' lang='lat' dir='ltr'>Imp.</span> <span class='ocrx_word' id='word_1_160' title='bbox 520 4242 563 4292; x_wconf 85' lang='lat' dir='ltr'>Cn.</span> <span class='ocrx_word' id='word_1_161' title='bbox 581 4239 664 4306; x_wconf 89' lang='lat' dir='ltr'>Pomp.</span> <span class='ocrx_word' id='word_1_162' title='bbox 684 4243 706 4301; x_wconf 78' lang='lat'>5,</span> <span class='ocrx_word' id='word_1_163' title='bbox 724 4243 763 4291; x_wconf 87' lang='lat' dir='ltr'>ll.</span> <span class='ocrx_word' id='word_1_164' title='bbox 1069 4238 1071 4243; x_wconf 78' lang='grc'><strong>’</strong></span> 
     </span>
    </p>
   </div>
   <div class='ocr_carea' id='block_1_5' title="bbox 0 0 1618 4998">
    <p class='ocr_par' dir='ltr' id='par_1_7' title="bbox 0 0 1618 4998">
     <span class='ocr_line' id='line_1_22' title="bbox 0 0 1618 4998; baseline 0 3"><span class='ocrx_word' id='word_1_165' title='bbox 0 0 1618 4998; x_wconf 95' lang='lat' dir='ltr'> </span> 
     </span>
    </p>
   </div>
  </div>
 </body>
</html>
