3274 4998
724 493 789 559 183

172 675 285 737 coacta
305 669 415 754 magis
437 670 589 758 quadam
610 669 766 738 libertate
790 691 896 758 quam
919 675 1038 758 sponte
1058 691 1123 736 sua
1136 669 1227 756 largi
1240 670 1342 736 fuisse

172 783 392 850 existimandi
415 783 495 850 sint.
521 781 549 870 ¹)

212 896 397 975 Quaeritur
425 897 568 984 quinam
591 897 784 985 acciperent
812 897 999 983 congiaria.
1046 898 1261 964 Mommseno
1286 918 1345 964 au·

173 1015 261 1076 otore
297 1009 403 1096 vulgo
437 1009 557 1076 dicunt
591 1011 765 1096 congiaria
800 1031 869 1076 non
894 1010 959 1076 nisi
984 1010 1218 1078 additamenta
1242 1012 1343 1078 fuisse

171 1121 212 1188 ad
235 1123 529 1205 frumentationeS,
555 1121 581 1210 ⁹)
616 1125 664 1192 ita
695 1130 734 1190 ut
757 1145 875 1190 omnes
903 1124 963 1211 qui
975 1124 1109 1207 harum,
1121 1124 1228 1191 iidem
1240 1125 1343 1191 etiam

172 1235 309 1302 illorum
345 1237 526 1324 participes
561 1237 698 1304 fuerint.
756 1237 862 1304 Haud
896 1236 1086 1304 abnuerim.
1132 1238 1227 1307 Num
1263 1259 1344 1306 vero

170 1349 273 1416 etiam
307 1355 425 1416 contra
459 1351 541 1437 poni
573 1349 662 1432 licet,
698 1373 816 1417 omnes
851 1351 911 1438 qui
943 1351 1117 1436 congiaria
1140 1352 1342 1439 acciperent,

170 1462 306 1528 eosdem
339 1463 444 1529 etiam
478 1463 787 1530 frumentationum
816 1464 998 1552 participes
1021 1465 1152 1531 fuisse?
1197 1465 1342 1532 Minime

171 1576 320 1662 quidem.
349 1576 440 1642 Nam
464 1577 561 1663 pueri
584 1577 654 1643 iam
677 1576 721 1643 ab
745 1577 927 1644 undecimo
950 1579 1070 1644 aetatis
1093 1599 1184 1644 anno
1208 1579 1344 1664 congia·

170 1689 219 1755 ria
252 1689 406 1776 accipere
441 1696 708 1772 consueverant3
743 1691 851 1757 immo
893 1691 1090 1776 Augustum
1124 1713 1167 1758 ne
1195 1692 1344 1760 minores

171 1803 311 1890 quidem
335 1824 458 1890 pueros
481 1804 678 1890 praeterisse
701 1803 857 1889 legimus.
882 1803 908 1890 ³)
954 1805 1046 1884 Quid
1070 1805 1202 1890 igitur?
1226 1805 1342 1884 Haud,
1421 1847 1424 1850 -

170 1917 300 2003 opinor,
338 1917 513 1994 erraveria
545 1917 573 1983 si
597 1939 703 2004 ponas
726 1918 763 1982 in
787 1918 1041 2002 congiariorum
1065 1926 1198 2005 partem
1222 1920 1343 2007 utique

170 2035 308 2096 vocatos
341 2030 442 2096 fuisse
478 2052 597 2096 omnes
633 2031 693 2118 qui
726 2032 822 2098 taoni
867 2039 987 2112 essent,
1028 2032 1050 2098 i.
1076 2053 1104 2098 e.
1140 2034 1343 2120 omnesqui

170 2182 285 2232 Traianus
310 2183 402 2247 primns
423 2187 458 2232 est
483 2200 553 2248 quem
579 2184 673 2249 imperii
699 2185 788 2234 reditus
806 2185 832 2233 in
850 2201 876 2234 ea
894 2185 1050 2250 insumpsisse
1065 2185 1136 2249 plane
1154 2185 1256 2250 legimns
1274 2186 1340 2236 Plin.

170 2266 257 2330 Paneg.
275 2265 317 2316 41.

205 2351 225 2409 l)
259 2348 361 2406 Naudet,
378 2350 426 2398 Das
442 2366 535 2399 secours
551 2350 645 2414 publics
662 2351 716 2399 ebes
733 2349 768 2400 les
784 2351 904 2408 Romaim,
922 2351 948 2398 in
966 2348 1093 2400 Mdmoires
1110 2351 1139 2400 de
1156 2350 1173 2400 l’
1184 2353 1247 2400 acad.
1263 2352 1343 2417 royale

171 2432 210 2480 des
225 2431 310 2480 incorr.
328 2436 351 2482 et
368 2431 533 2482 belles-lettres
551 2433 610 2482 XIII
628 2433 722 2494 (1838),
739 2449 791 2496 pag.
810 2434 857 2481 69:
877 2433 919 2497 ,L’
937 2449 1007 2497 usage
1024 2434 1056 2482 du
1072 2434 1218 2498 rotgarium
1236 2452 1282 2484 une
1297 2437 1342 2486 lois

171 2513 242 2564 dtabli
267 2515 350 2564 devint
376 2532 422 2564 une
447 2515 575 2580 obligatior
602 2532 661 2581 pour
687 2515 721 2564 les
747 2516 840 2580 princes
866 2515 900 2564 les
923 2515 978 2580 plus
995 2514 1126 2566 economes.
1161 2518 1188 2566 L’
1205 2517 1295 2568 avidite
1311 2520 1344 2570 du

170 2596 255 2662 peuple
280 2597 328 2646 alla
355 2598 463 2661 toujours
488 2599 670 2662 s’augmentant,
696 2604 719 2647 et
736 2599 758 2647 le
775 2604 960 2662 gouverncment
977 2599 999 2648 le
1017 2599 1072 2664 plus
1090 2599 1152 2649 aime
1168 2602 1206 2650 fut
1223 2601 1284 2650 celui
1302 2603 1344 2666 qui

170 2681 305 2746 prodiguait
320 2680 343 2729 la
360 2681 440 2746 plus.'’
474 2681 518 2730 Vel
535 2681 592 2732 boui
610 2682 760 2746 imperatores
777 2682 802 2730 in
821 2682 948 2746 congiariis
963 2699 1011 2732 non
1029 2699 1081 2732 raro
1099 2683 1172 2733 nimis
1189 2685 1257 2733 effusi
1270 2689 1344 2734 erant.

169 2765 265 2813 Traiani
283 2781 331 2812 non
348 2765 452 2829 amplius
469 2764 537 2813 illius
555 2765 650 2829 quidem
669 2765 722 2822 tria,
740 2769 764 2814 at
782 2766 854 2814 unius
869 2766 986 2816 Antonini
1004 2767 1043 2814 Pii
1061 2783 1155 2827 novem,
1165 2768 1239 2816 Marci
1249 2768 1343 2817 Aurelii

170 2851 259 2911 septem
277 2847 395 2910 congiaria
412 2863 424 2895 e
440 2848 547 2896 nummis
565 2848 735 2911 cognoscimus.
770 2848 808 2897 Ol.
826 2849 906 2898 Cohen
924 2867 945 2898 o.
964 2849 981 2908 1.
999 2849 1036 2898 11²
1052 2866 1104 2914 pag.
1123 2851 1163 2907 22,
1182 2854 1212 2899 45
1224 2871 1230 2909 ς
1241 2868 1293 2916 pag.
1303 2852 1344 2909 24,

171 2931 218 2988 55;
245 2946 296 2995 pag.
324 2929 363 2987 25,
390 2931 438 2988 ol;
462 2947 512 2995 pag.
533 2931 580 2978 316
599 2931 822 2994 seqq.,'480-532
840 2933 903 2994 (vide
920 2933 990 2982 etium
1008 2949 1061 2997 pag.
1080 2934 1154 2994 210);
1172 2934 1222 2982 111²
1242 2951 1294 2998 pag.
1313 2935 1343 2983 41

170 3029 242 3077 seqq,
268 3013 409 3066 eol-427.
454 3013 547 3062 Praeter
572 3029 657 3064 novem
683 3014 739 3062 istas
767 3015 839 3063 etiam
867 3015 939 3063 aliam
967 3016 1085 3064 Antonini
1112 3017 1149 3064 Pii
1177 3017 1345 3066 liberalitatem

162 3095 330 3145 ..llexandrino
355 3097 456 3160 quodam
482 3112 581 3145 nummo
606 3097 692 3161 aperiri
719 3097 785 3146 docet
811 3097 927 3147 Blancbet
943 3099 1006 3162 apud
1023 3099 1134 3148 Daremb.
1152 3104 1175 3147 et
1192 3099 1264 3162 Sagl,
1283 3100 1345 3149 Dict.

170 3179 210 3229 das
235 3179 326 3242 Antiq,
352 3195 370 3228 s.
398 3196 419 3227 v.
446 3179 580 3228 liberalitas
605 3180 641 3241 (in
658 3180 712 3228 adn.
731 3181 763 3239 3),
782 3181 810 3228 de
826 3197 924 3230 nummo
941 3185 1018 3229 autem
1037 3182 1203 3231 conterendum
1221 3183 1249 3230 R.
1267 3183 1346 3232 Stuart

169 3261 249 3320 Poole,
278 3261 405 3325 Catologue
430 3263 457 3310 ol
471 3263 510 3311 the
527 3262 592 3310 coins
610 3263 636 3310 of
651 3262 793 3312 Alexandria
810 3264 856 3312 and
873 3263 913 3312 the
931 3249 1019 3322 nomes,
1040 3264 1112 3321 1892,
1130 3281 1153 3329 p.
1172 3264 1291 3323 lxxxviii,
1309 3265 1349 3330 pl.

170 3359 250 3403 xxvn,
276 3347 304 3395 u⁰
330 3345 402 3398 1007.
437 3345 461 3393 Si
487 3362 501 3393 a
526 3346 615 3395 nefario
646 3346 786 3410 imperatore
804 3346 937 3411 exemplum
957 3347 1001 3406 vis,
1019 3364 1031 3396 e
1049 3348 1113 3397 brevi
1132 3347 1255 3412 Rlagabali
1273 3365 1344 3412 regno

170 3428 263 3478 nummi
281 3432 391 3492 quattuor
408 3427 562 3477 liberalitates
579 3429 741 3479 testificantur.
760 3429 797 3478 cf.
815 3446 867 3494 pag.
888 3430 935 3484 179
953 3431 1008 3480 adn.
1027 3434 1051 3480 4.

203 3512 225 3572 ¹)
260 3511 297 3560 cf.
314 3527 382 3575 pagg.
401 3511 449 3559 150
467 3527 521 3560 cum
539 3512 593 3560 adn.
612 3513 635 3569 2,
656 3513 703 3564 174
720 3513 776 3562 adn.
795 3513 818 3562 2.

202 3602 223 3662 ³)
249 3602 312 3650 Suet.
329 3603 390 3666 Aug.
408 3601 449 3650 41.
467 3601 504 3650 01.
521 3601 592 3650 etiam
610 3602 655 3650 Dio
674 3601 739 3652 Cass.
757 3603 798 3660 LI,
816 3602 856 3660 21,
874 3603 905 3652 3:
927 3603 987 3674 ητῷ
1007 3596 1137 3675 τεδὴμῳ
1150 3602 1226 3660 καθ’
1239 3596 1345 3660 ἑκατὸν

170 3691 325 3770 δραχμὰς,
357 3690 507 3766 προτέροις
535 3687 591 3766 μὲν
611 3700 672 3760 τοῖς
692 3688 721 3761 ἒς
742 3691 852 3766 ἄνδρας
871 3698 1017 3766 relatam,
1040 3691 1141 3753 ἔπειτα
1163 3690 1195 3753 δὲ
1215 3693 1264 3756 καὶ
1284 3703 1345 3764 τοῖς

170 3787 255 3847 παισὶ
274 3785 320 3846 διὰ
342 3783 393 3846 τὶν
415 3789 598 3862 Μάρκελλον
618 3786 671 3846 τὸν
691 3787 872 3868 ἀδελφιδοῦν,
894 3789 1043 3865 διένειμε.”
1070 3797 1194 3846 Eruditins
1212 3798 1344 3861 quaesitum

170 3890 203 3933 eat
228 3883 320 3932 hiscine
345 3883 404 3932 locis
430 3900 484 3932 cum
510 3885 591 3948 pueris
618 3901 665 3933 una
691 3886 920 3950 comprehendendae
946 3886 1072 3934 videantur
1091 3886 1192 3952 puellae.
1226 3888 1343 3952 Equidem

170 3966 262 4016 nullam
280 3983 373 4015 oausam
391 3967 460 4016 video
477 3982 519 4016 cur
536 3968 569 4016 ita
587 3973 726 4016 statuamus.
760 3968 810 4016 Neo
828 3969 902 4032 magis
915 3968 1031 4017 assentior
1042 3969 1094 4018 illis
1103 3970 1161 4019 viris
1170 3970 1252 4031 doctis,
1260 3971 1302 4036 qui
1313 4000 1344 4010 -

172 4056 198 4100 ut
224 4051 355 4100 Radbertus
382 4051 433 4114 (qui
452 4051 509 4099 satis
527 4051 620 4115 copiose
637 4052 666 4099 de
682 4051 726 4100 bac
742 4067 767 4100 re
785 4051 922 4116 disputavit,
940 4051 1066 4101 Bedenlren
1083 4070 1156 4117 gagen
1173 4054 1217 4104 den
1235 4071 1282 4105 von
1299 4057 1343 4105 den

171 4134 342 4199 Topograpben
361 4135 434 4183 Romo
451 4139 503 4193 eta,
520 4133 537 4183 1.
556 4133 573 4182 1.
591 4151 643 4198 pag.
658 4137 764 4199 isogal,
774 4134 883 4184 Karlowa
894 4135 972 4197 (lilim.
986 4135 1148 4201 Rechtsgesoh.
1161 4138 1228 4206 Ipag
1246 4141 1303 4202 555)
1312 4168 1344 4177 -

169 4232 259 4284 pueros
275 4218 315 4266 hic
330 4217 439 4282 pupillos
456 4215 504 4280 (vel
521 4218 618 4266 formose
633 4218 745 4283 pupillos
762 4223 784 4268 et
798 4217 917 4283 papillas)
935 4217 1105 4284 intellegendos
1121 4237 1171 4271 esse
1187 4222 1277 4274 meunt
