<?xml version="1.0" encoding="UTF-8"?>
<!DOCTYPE html PUBLIC "-//W3C//DTD XHTML 1.0 Transitional//EN"
    "http://www.w3.org/TR/xhtml1/DTD/xhtml1-transitional.dtd">
<html xmlns="http://www.w3.org/1999/xhtml" xml:lang="en" lang="en">
 <head>
  <title>
</title>
<meta http-equiv="Content-Type" content="text/html;charset=utf-8" />
  <meta name='ocr-system' content='tesseract 3.04.00' />
  <meta name='ocr-capabilities' content='ocr_page ocr_carea ocr_par ocr_line ocrx_word'/>
</head>
<body>
  <div class='ocr_page' id='page_1' title='image "./depauperumcuraa00essegoog_0246.png"; bbox 0 0 3296 5008; ppageno 0'>
   <div class='ocr_carea' id='block_1_1' title="bbox 824 479 889 547">
    <p class='ocr_par' dir='ltr' id='par_1_1' title="bbox 824 479 889 547">
     <span class='ocr_line' id='line_1_1' title="bbox 824 479 889 547; baseline 0 0"><span class='ocrx_word' id='word_1_1' title='bbox 824 479 889 547; x_wconf 80' lang='lat'>228</span> 
     </span>
    </p>
   </div>
   <div class='ocr_carea' id='block_1_2' title="bbox 267 655 1446 1212">
    <p class='ocr_par' dir='ltr' id='par_1_2' title="bbox 267 655 1446 1212">
     <span class='ocr_line' id='line_1_2' title="bbox 268 655 1436 748; baseline 0.003 -26"><span class='ocrx_word' id='word_1_2' title='bbox 268 656 328 744; x_wconf 92' lang='lat' dir='ltr'>qui</span> <span class='ocrx_word' id='word_1_3' title='bbox 354 655 533 743; x_wconf 78' lang='lat' dir='ltr'>egentibus</span> <span class='ocrx_word' id='word_1_4' title='bbox 554 658 659 744; x_wconf 88' lang='lat' dir='ltr'>gratis</span> <span class='ocrx_word' id='word_1_5' title='bbox 683 659 910 726; x_wconf 86' lang='lat' dir='ltr'>mederentur.</span> <span class='ocrx_word' id='word_1_6' title='bbox 936 659 962 747; x_wconf 85' lang='lat'>¹)</span> <span class='ocrx_word' id='word_1_7' title='bbox 1007 659 1273 729; x_wconf 86' lang='lat' dir='ltr'>Valetudinaria</span> <span class='ocrx_word' id='word_1_8' title='bbox 1298 681 1436 748; x_wconf 88' lang='lat' dir='ltr'>qnoque</span> 
     </span>
     <span class='ocr_line' id='line_1_3' title="bbox 268 770 1436 861; baseline 0.003 -25"><span class='ocrx_word' id='word_1_9' title='bbox 268 770 383 858; x_wconf 90' lang='lat' dir='ltr'>qualia</span> <span class='ocrx_word' id='word_1_10' title='bbox 406 791 468 837; x_wconf 91' lang='lat' dir='ltr'>nos</span> <span class='ocrx_word' id='word_1_11' title='bbox 489 770 657 838; x_wconf 91' lang='lat' dir='ltr'>habemus</span> <span class='ocrx_word' id='word_1_12' title='bbox 680 773 806 839; x_wconf 79' lang='lat' dir='ltr'>frustra</span> <span class='ocrx_word' id='word_1_13' title='bbox 828 795 1016 858; x_wconf 85' lang='lat' dir='ltr'>quaereres</span> <span class='ocrx_word' id='word_1_14' title='bbox 1038 773 1065 861; x_wconf 75' lang='lat'>⁸)</span> <span class='ocrx_word' id='word_1_15' title='bbox 1111 774 1223 841; x_wconf 88' lang='lat' dir='ltr'>Immo</span> <span class='ocrx_word' id='word_1_16' title='bbox 1249 775 1338 840; x_wconf 90' lang='lat' dir='ltr'>nihil</span> <span class='ocrx_word' id='word_1_17' title='bbox 1355 797 1436 840; x_wconf 89' lang='lat' dir='ltr'>sane</span> 
     </span>
     <span class='ocr_line' id='line_1_4' title="bbox 268 885 1434 976; baseline 0.003 -25"><span class='ocrx_word' id='word_1_18' title='bbox 268 885 429 951; x_wconf 85' lang='lat' dir='ltr'>videntur</span> <span class='ocrx_word' id='word_1_19' title='bbox 451 885 567 951; x_wconf 81' lang='lat' dir='ltr'>fecisse</span> <span class='ocrx_word' id='word_1_20' title='bbox 591 886 635 952; x_wconf 88' lang='lat' dir='ltr'>ad</span> <span class='ocrx_word' id='word_1_21' title='bbox 657 886 913 974; x_wconf 84' lang='lat' dir='ltr'>impugnandos</span> <span class='ocrx_word' id='word_1_22' title='bbox 937 888 1073 955; x_wconf 86' lang='lat' dir='ltr'>morbos</span> <span class='ocrx_word' id='word_1_23' title='bbox 1095 888 1306 976; x_wconf 89' lang='lat' dir='ltr'>perniciales‚</span> <span class='ocrx_word' id='word_1_24' title='bbox 1327 888 1354 976; x_wconf 76' lang='grc'>8)</span> <span class='ocrx_word' id='word_1_25' title='bbox 1373 889 1434 976; x_wconf 93' lang='lat' dir='ltr'>qui</span> 
     </span>
     <span class='ocr_line' id='line_1_5' title="bbox 268 998 1435 1090; baseline 0.004 -27"><span class='ocrx_word' id='word_1_26' title='bbox 268 998 409 1086; x_wconf 91' lang='lat' dir='ltr'>quidem</span> <span class='ocrx_word' id='word_1_27' title='bbox 432 999 583 1066; x_wconf 84' lang='lat' dir='ltr'>maxime</span> <span class='ocrx_word' id='word_1_28' title='bbox 606 1002 724 1086; x_wconf 84' lang='lat' dir='ltr'>vagari</span> <span class='ocrx_word' id='word_1_29' title='bbox 747 1001 856 1068; x_wconf 85' lang='lat' dir='ltr'><strong>solent</strong></span> <span class='ocrx_word' id='word_1_30' title='bbox 879 1024 940 1088; x_wconf 92' lang='lat' dir='ltr'>per</span> <span class='ocrx_word' id='word_1_31' title='bbox 961 1003 1079 1087; x_wconf 85' lang='lat' dir='ltr'>ignota</span> <span class='ocrx_word' id='word_1_32' title='bbox 1103 1003 1225 1089; x_wconf 87' lang='lat' dir='ltr'>capita.</span> <span class='ocrx_word' id='word_1_33' title='bbox 1271 1002 1435 1090; x_wconf 86' lang='lat' dir='ltr'>Sepulcra</span> 
     </span>
     <span class='ocr_line' id='line_1_6' title="bbox 267 1112 1446 1212; baseline 0.004 -34"><span class='ocrx_word' id='word_1_34' title='bbox 267 1112 416 1201; x_wconf 91' lang='lat' dir='ltr'>deniqne</span> <span class='ocrx_word' id='word_1_35' title='bbox 446 1115 654 1196; x_wconf 88' lang='lat' dir='ltr'>communia,</span> <span class='ocrx_word' id='word_1_36' title='bbox 677 1116 704 1202; x_wconf 76' lang='grc'>4)</span> <span class='ocrx_word' id='word_1_37' title='bbox 727 1116 764 1180; x_wconf 93' lang='lat' dir='ltr'>in</span> <span class='ocrx_word' id='word_1_38' title='bbox 788 1115 914 1203; x_wconf 88' lang='lat' dir='ltr'>quibus</span> <span class='ocrx_word' id='word_1_39' title='bbox 937 1138 1129 1203; x_wconf 85' lang='lat' dir='ltr'>pauperum</span> <span class='ocrx_word' id='word_1_40' title='bbox 1148 1116 1315 1184; x_wconf 85' lang='lat' dir='ltr'>cadavera</span> <span class='ocrx_word' id='word_1_41' title='bbox 1339 1123 1446 1212; x_wconf 9' lang='lat' dir='ltr'>pute-7</span> 
     </span>
    </p>
   </div>
   <div class='ocr_carea' id='block_1_3' title="bbox 264 1345 1435 1926">
    <p class='ocr_par' dir='ltr' id='par_1_3' title="bbox 264 1345 1435 1759">
     <span class='ocr_line' id='line_1_7' title="bbox 265 1345 1435 1411; baseline 0.002 -17"><span class='ocrx_word' id='word_1_42' title='bbox 265 1345 329 1395; x_wconf 84' lang='lat' dir='ltr'>Beck</span> <span class='ocrx_word' id='word_1_43' title='bbox 353 1346 457 1411; x_wconf 72' lang='lat' dir='ltr'><strong>reposuit</strong></span> <span class='ocrx_word' id='word_1_44' title='bbox 478 1362 506 1394; x_wconf 85' lang='lat' dir='ltr'>ex</span> <span class='ocrx_word' id='word_1_45' title='bbox 523 1345 582 1395; x_wconf 84' lang='lat' dir='ltr'>Cod.</span> <span class='ocrx_word' id='word_1_46' title='bbox 599 1346 673 1402; x_wconf 87' lang='lat' dir='ltr'>Inst.;</span> <span class='ocrx_word' id='word_1_47' title='bbox 692 1346 757 1395; x_wconf 88' lang='lat' dir='ltr'>deest</span> <span class='ocrx_word' id='word_1_48' title='bbox 773 1346 800 1395; x_wconf 93' lang='lat' dir='ltr'>iu</span> <span class='ocrx_word' id='word_1_49' title='bbox 817 1345 945 1396; x_wconf 88' lang='lat' dir='ltr'>codicibus.</span> <span class='ocrx_word' id='word_1_50' title='bbox 980 1347 1052 1396; x_wconf 85' lang='lat' dir='ltr'>Hiare</span> <span class='ocrx_word' id='word_1_51' title='bbox 1069 1347 1198 1396; x_wconf 87' lang='lat' dir='ltr'>orationem</span> <span class='ocrx_word' id='word_1_52' title='bbox 1214 1347 1263 1396; x_wconf 90' lang='lat' dir='ltr'>iam</span> <span class='ocrx_word' id='word_1_53' title='bbox 1279 1347 1435 1396; x_wconf 82' lang='lat' dir='ltr'>Gotbofredus</span> 
     </span>
     <span class='ocr_line' id='line_1_8' title="bbox 266 1429 1434 1496; baseline 0 -18"><span class='ocrx_word' id='word_1_54' title='bbox 266 1430 376 1486; x_wconf 75' lang='lat' dir='ltr'>monuit.)</span> <span class='ocrx_word' id='word_1_55' title='bbox 409 1429 445 1478; x_wconf 83' lang='lat' dir='ltr'>Da</span> <span class='ocrx_word' id='word_1_56' title='bbox 465 1429 503 1478; x_wconf 89' lang='lat' dir='ltr'>his</span> <span class='ocrx_word' id='word_1_57' title='bbox 520 1429 643 1478; x_wconf 82' lang='lat' dir='ltr'>archiatris</span> <span class='ocrx_word' id='word_1_58' title='bbox 660 1430 773 1478; x_wconf 81' lang='lat' dir='ltr'>Romanis</span> <span class='ocrx_word' id='word_1_59' title='bbox 790 1431 820 1479; x_wconf 83' lang='lat' dir='ltr'>cf.</span> <span class='ocrx_word' id='word_1_60' title='bbox 838 1431 915 1495; x_wconf 88' lang='lat' dir='ltr'>Marq.</span> <span class='ocrx_word' id='word_1_61' title='bbox 934 1431 951 1480; x_wconf 90' lang='lat' dir='ltr'>l.</span> <span class='ocrx_word' id='word_1_62' title='bbox 968 1429 986 1479; x_wconf 93' lang='lat' dir='ltr'>l.</span> <span class='ocrx_word' id='word_1_63' title='bbox 1004 1447 1057 1496; x_wconf 87' lang='lat' dir='ltr'>pag.</span> <span class='ocrx_word' id='word_1_64' title='bbox 1074 1431 1123 1484; x_wconf 78' lang='grc'>774</span> <span class='ocrx_word' id='word_1_65' title='bbox 1139 1447 1220 1494; x_wconf 84' lang='lat' dir='ltr'>seqq.;</span> <span class='ocrx_word' id='word_1_66' title='bbox 1237 1430 1325 1479; x_wconf 74' lang='lat' dir='ltr'>Friedl.</span> <span class='ocrx_word' id='word_1_67' title='bbox 1343 1429 1360 1479; x_wconf 94' lang='lat' dir='ltr'>l.</span> <span class='ocrx_word' id='word_1_68' title='bbox 1376 1430 1394 1480; x_wconf 92' lang='lat'>1.</span> <span class='ocrx_word' id='word_1_69' title='bbox 1411 1431 1434 1478; x_wconf 78' lang='lat'>1⁸</span> 
     </span>
     <span class='ocr_line' id='line_1_9' title="bbox 264 1512 1435 1594; baseline -0.001 -32"><span class='ocrx_word' id='word_1_70' title='bbox 264 1529 317 1578; x_wconf 81' lang='lat' dir='ltr'>pag.</span> <span class='ocrx_word' id='word_1_71' title='bbox 335 1514 400 1571; x_wconf 82' lang='lat'><strong>838;</strong></span> <span class='ocrx_word' id='word_1_72' title='bbox 419 1513 627 1577; x_wconf 75' lang='lat' dir='ltr'>Pauly-Wiswwa,</span> <span class='ocrx_word' id='word_1_73' title='bbox 644 1512 811 1578; x_wconf 72' lang='lat' dir='ltr'>deal-Eneycl.</span> <span class='ocrx_word' id='word_1_74' title='bbox 826 1513 863 1562; x_wconf 75' lang='lat'>11²</span> <span class='ocrx_word' id='word_1_75' title='bbox 880 1531 900 1563; x_wconf 89' lang='lat' dir='ltr'>s.</span> <span class='ocrx_word' id='word_1_76' title='bbox 914 1531 937 1562; x_wconf 82' lang='lat' dir='ltr'>v.</span> <span class='ocrx_word' id='word_1_77' title='bbox 951 1515 959 1539; x_wconf 89' lang='lat'>’</span> <span class='ocrx_word' id='word_1_78' title='bbox 964 1518 985 1575; x_wconf 87' lang='grc' dir='ltr'>Α</span> <span class='ocrx_word' id='word_1_79' title='bbox 989 1514 1144 1594; x_wconf 43' lang='lat' dir='ltr'>‘appar-9543</span> <span class='ocrx_word' id='word_1_80' title='bbox 1157 1513 1281 1578; x_wconf 79' lang='lat' dir='ltr'>Rnggiero,</span> <span class='ocrx_word' id='word_1_81' title='bbox 1294 1513 1346 1562; x_wconf 82' lang='lat' dir='ltr'>Dia.</span> <span class='ocrx_word' id='word_1_82' title='bbox 1362 1513 1435 1578; x_wconf 84' lang='lat' dir='ltr'>epigr.</span> 
     </span>
     <span class='ocr_line' id='line_1_10' title="bbox 264 1608 1434 1676; baseline 0.001 -20"><span class='ocrx_word' id='word_1_83' title='bbox 264 1624 283 1658; x_wconf 84' lang='lat' dir='ltr'>s.</span> <span class='ocrx_word' id='word_1_84' title='bbox 309 1625 332 1658; x_wconf 83' lang='lat' dir='ltr'>v.</span> <span class='ocrx_word' id='word_1_85' title='bbox 357 1610 492 1666; x_wconf 69' lang='lat' dir='ltr'>archiatm</span> <span class='ocrx_word' id='word_1_86' title='bbox 518 1609 607 1658; x_wconf 88' lang='lat' dir='ltr'>Haeser</span> <span class='ocrx_word' id='word_1_87' title='bbox 623 1609 642 1660; x_wconf 92' lang='lat' dir='ltr'>l.</span> <span class='ocrx_word' id='word_1_88' title='bbox 658 1609 676 1659; x_wconf 92' lang='lat' dir='ltr'>l.</span> <span class='ocrx_word' id='word_1_89' title='bbox 694 1627 746 1675; x_wconf 80' lang='lat' dir='ltr'>pag.</span> <span class='ocrx_word' id='word_1_90' title='bbox 764 1611 829 1668; x_wconf 75' lang='lat'>414,</span> <span class='ocrx_word' id='word_1_91' title='bbox 847 1611 968 1676; x_wconf 84' lang='lat' dir='ltr'>imprimis</span> <span class='ocrx_word' id='word_1_92' title='bbox 985 1611 1068 1666; x_wconf 88' lang='lat' dir='ltr'>Briau,</span> <span class='ocrx_word' id='word_1_93' title='bbox 1084 1610 1236 1658; x_wconf 87' lang='lat' dir='ltr'>L’archiatrie</span> <span class='ocrx_word' id='word_1_94' title='bbox 1256 1609 1361 1658; x_wconf 89' lang='lat' dir='ltr'>romaine</span> <span class='ocrx_word' id='word_1_95' title='bbox 1380 1608 1434 1670; x_wconf 81' lang='lat' dir='ltr'>(Pa-</span> 
     </span>
     <span class='ocr_line' id='line_1_11' title="bbox 264 1691 1435 1759; baseline -0.001 -19"><span class='ocrx_word' id='word_1_96' title='bbox 264 1692 298 1741; x_wconf 90' lang='lat' dir='ltr'>ris</span> <span class='ocrx_word' id='word_1_97' title='bbox 316 1692 398 1752; x_wconf 79' lang='lat'>1877).</span> <span class='ocrx_word' id='word_1_98' title='bbox 424 1691 492 1755; x_wconf 86' lang='lat' dir='ltr'>(Vide</span> <span class='ocrx_word' id='word_1_99' title='bbox 508 1694 580 1742; x_wconf 87' lang='lat' dir='ltr'>etiam</span> <span class='ocrx_word' id='word_1_100' title='bbox 597 1694 697 1743; x_wconf 88' lang='lat' dir='ltr'>eundem</span> <span class='ocrx_word' id='word_1_101' title='bbox 714 1695 778 1759; x_wconf 87' lang='lat' dir='ltr'>apud</span> <span class='ocrx_word' id='word_1_102' title='bbox 794 1693 905 1744; x_wconf 87' lang='lat' dir='ltr'>Daremb.</span> <span class='ocrx_word' id='word_1_103' title='bbox 913 1698 937 1743; x_wconf 89' lang='lat' dir='ltr'>et</span> <span class='ocrx_word' id='word_1_104' title='bbox 945 1693 1016 1758; x_wconf 70' lang='lat' dir='ltr'>Sagl,</span> <span class='ocrx_word' id='word_1_105' title='bbox 1028 1693 1092 1743; x_wconf 90' lang='lat' dir='ltr'>Dict.</span> <span class='ocrx_word' id='word_1_106' title='bbox 1101 1694 1124 1743; x_wconf 90' lang='lat' dir='ltr'>d.</span> <span class='ocrx_word' id='word_1_107' title='bbox 1135 1694 1201 1751; x_wconf 75' lang='lat' dir='ltr'>Ana,</span> <span class='ocrx_word' id='word_1_108' title='bbox 1214 1709 1234 1742; x_wconf 86' lang='lat' dir='ltr'>s.</span> <span class='ocrx_word' id='word_1_109' title='bbox 1243 1709 1266 1741; x_wconf 84' lang='lat' dir='ltr'>v.</span> <span class='ocrx_word' id='word_1_110' title='bbox 1275 1693 1435 1751; x_wconf 76' lang='lat' dir='ltr'>Archiatm.)</span> 
     </span>
    </p>

    <p class='ocr_par' dir='ltr' id='par_1_4' title="bbox 264 1763 1434 1926">
     <span class='ocr_line' id='line_1_12' title="bbox 300 1763 1434 1842; baseline -0.005 -14"><span class='ocrx_word' id='word_1_111' title='bbox 300 1774 317 1828; x_wconf 84' lang='lat' dir='ltr'>¹l</span> <span class='ocrx_word' id='word_1_112' title='bbox 351 1776 412 1840; x_wconf 76' lang='lat' dir='ltr'>Iege</span> <span class='ocrx_word' id='word_1_113' title='bbox 429 1777 525 1840; x_wconf 88' lang='lat' dir='ltr'>quidem</span> <span class='ocrx_word' id='word_1_114' title='bbox 542 1778 605 1842; x_wconf 89' lang='lat' dir='ltr'>apud</span> <span class='ocrx_word' id='word_1_115' title='bbox 621 1776 765 1835; x_wconf 80' lang='lat' dir='ltr'>Pdhlmann,</span> <span class='ocrx_word' id='word_1_116' title='bbox 782 1763 910 1826; x_wconf 76' lang='lat' dir='ltr'>llbervdllr.</span> <span class='ocrx_word' id='word_1_117' title='bbox 928 1794 980 1842; x_wconf 83' lang='lat' dir='ltr'>pag.</span> <span class='ocrx_word' id='word_1_118' title='bbox 999 1777 1062 1825; x_wconf 71' lang='lat'>141:</span> <span class='ocrx_word' id='word_1_119' title='bbox 1082 1776 1176 1840; x_wconf 79' lang='lat' dir='ltr'>„Weun</span> <span class='ocrx_word' id='word_1_120' title='bbox 1192 1775 1254 1824; x_wconf 85' lang='lat' dir='ltr'>anch</span> <span class='ocrx_word' id='word_1_121' title='bbox 1271 1775 1347 1824; x_wconf 88' lang='lat' dir='ltr'>sicher</span> <span class='ocrx_word' id='word_1_122' title='bbox 1361 1775 1434 1823; x_wconf 86' lang='lat' dir='ltr'>achon</span> 
     </span>
     <span class='ocr_line' id='line_1_13' title="bbox 264 1859 1434 1926; baseline -0.002 -18"><span class='ocrx_word' id='word_1_123' title='bbox 264 1876 307 1908; x_wconf 81' lang='lat' dir='ltr'>vor</span> <span class='ocrx_word' id='word_1_124' title='bbox 332 1860 386 1908; x_wconf 89' lang='lat' dir='ltr'>dem</span> <span class='ocrx_word' id='word_1_125' title='bbox 406 1861 531 1909; x_wconf 81' lang='lat' dir='ltr'>Auftreten</span> <span class='ocrx_word' id='word_1_126' title='bbox 548 1861 589 1910; x_wconf 88' lang='lat' dir='ltr'>der</span> <span class='ocrx_word' id='word_1_127' title='bbox 606 1861 733 1914; x_wconf 73' lang='lat' dir='ltr'>»archiatri</span> <span class='ocrx_word' id='word_1_128' title='bbox 751 1861 893 1926; x_wconf 67' lang='lat' dir='ltr'>populares«</span> <span class='ocrx_word' id='word_1_129' title='bbox 912 1862 938 1910; x_wconf 90' lang='lat' dir='ltr'>iu</span> <span class='ocrx_word' id='word_1_130' title='bbox 961 1861 1015 1909; x_wconf 90' lang='lat' dir='ltr'>dem</span> <span class='ocrx_word' id='word_1_131' title='bbox 1032 1860 1167 1908; x_wconf 84' lang='lat' dir='ltr'>bekannten</span> <span class='ocrx_word' id='word_1_132' title='bbox 1183 1860 1254 1908; x_wconf 79' lang='lat' dir='ltr'>Ediet</span> <span class='ocrx_word' id='word_1_133' title='bbox 1269 1859 1434 1907; x_wconf 86' lang='lat' dir='ltr'>Valentiniana</span> 
     </span>
    </p>
   </div>
   <div class='ocr_carea' id='block_1_4' title="bbox 264 1955 1435 2190">
    <p class='ocr_par' dir='ltr' id='par_1_5' title="bbox 264 1955 1435 2190">
     <span class='ocr_line' id='line_1_14' title="bbox 265 1955 1435 2023; baseline -0.002 -19"><span class='ocrx_word' id='word_1_134' title='bbox 265 1972 311 2004; x_wconf 86' lang='lat' dir='ltr'>von</span> <span class='ocrx_word' id='word_1_135' title='bbox 329 1956 378 2009; x_wconf 88' lang='grc'>370</span> <span class='ocrx_word' id='word_1_136' title='bbox 397 1957 483 2021; x_wconf 91' lang='lat' dir='ltr'>[immo</span> <span class='ocrx_word' id='word_1_137' title='bbox 501 1957 566 2014; x_wconf 75' lang='lat'>3683</span> <span class='ocrx_word' id='word_1_138' title='bbox 583 1959 613 2006; x_wconf 81' lang='lat' dir='ltr'>cf.</span> <span class='ocrx_word' id='word_1_139' title='bbox 630 1959 732 2023; x_wconf 86' lang='lat' dir='ltr'>priorem</span> <span class='ocrx_word' id='word_1_140' title='bbox 749 1958 935 2022; x_wconf 73' lang='lat' dir='ltr'>adnotationem]</span> <span class='ocrx_word' id='word_1_141' title='bbox 945 1958 983 2006; x_wconf 91' lang='lat' dir='ltr'>die</span> <span class='ocrx_word' id='word_1_142' title='bbox 992 1956 1136 2020; x_wconf 81' lang='lat' dir='ltr'>Anstellung</span> <span class='ocrx_word' id='word_1_143' title='bbox 1145 1955 1275 2004; x_wconf 86' lang='lat' dir='ltr'>besoldeter</span> <span class='ocrx_word' id='word_1_144' title='bbox 1283 1956 1435 2002; x_wconf 75' lang='lat' dir='ltr'>Armendmte</span> 
     </span>
     <span class='ocr_line' id='line_1_15' title="bbox 264 2037 1435 2106; baseline -0.003 -18"><span class='ocrx_word' id='word_1_145' title='bbox 264 2041 289 2088; x_wconf 94' lang='lat' dir='ltr'>in</span> <span class='ocrx_word' id='word_1_146' title='bbox 307 2041 368 2089; x_wconf 89' lang='lat' dir='ltr'>Rom</span> <span class='ocrx_word' id='word_1_147' title='bbox 385 2042 434 2090; x_wconf 91' lang='lat' dir='ltr'>und</span> <span class='ocrx_word' id='word_1_148' title='bbox 450 2042 593 2091; x_wconf 76' lang='lat' dir='ltr'>anderwarts</span> <span class='ocrx_word' id='word_1_149' title='bbox 611 2041 778 2106; x_wconf 74' lang='lat' dir='ltr'>gebrauehlich</span> <span class='ocrx_word' id='word_1_150' title='bbox 796 2041 867 2090; x_wconf 87' lang='lat' dir='ltr'>war.’&#39;</span> <span class='ocrx_word' id='word_1_151' title='bbox 902 2044 934 2090; x_wconf 78' lang='lat' dir='ltr'>nt</span> <span class='ocrx_word' id='word_1_152' title='bbox 951 2042 1023 2090; x_wconf 87' lang='lat' dir='ltr'>huius</span> <span class='ocrx_word' id='word_1_153' title='bbox 1040 2041 1073 2089; x_wconf 90' lang='lat' dir='ltr'>rei</span> <span class='ocrx_word' id='word_1_154' title='bbox 1085 2040 1154 2089; x_wconf 89' lang='lat' dir='ltr'>nulla</span> <span class='ocrx_word' id='word_1_155' title='bbox 1162 2039 1297 2088; x_wconf 88' lang='lat' dir='ltr'>testimonia</span> <span class='ocrx_word' id='word_1_156' title='bbox 1307 2039 1381 2086; x_wconf 86' lang='lat' dir='ltr'>affert.</span> <span class='ocrx_word' id='word_1_157' title='bbox 1398 2037 1435 2085; x_wconf 90' lang='lat' dir='ltr'>De</span> 
     </span>
     <span class='ocr_line' id='line_1_16' title="bbox 264 2121 1434 2190; baseline -0.003 -18"><span class='ocrx_word' id='word_1_158' title='bbox 264 2124 321 2173; x_wconf 90' lang='lat' dir='ltr'>urbe</span> <span class='ocrx_word' id='word_1_159' title='bbox 338 2125 413 2173; x_wconf 87' lang='lat' dir='ltr'>Roma</span> <span class='ocrx_word' id='word_1_160' title='bbox 428 2131 489 2174; x_wconf 86' lang='lat' dir='ltr'>certe</span> <span class='ocrx_word' id='word_1_161' title='bbox 505 2125 614 2190; x_wconf 85' lang='lat' dir='ltr'>equidem</span> <span class='ocrx_word' id='word_1_162' title='bbox 633 2125 700 2174; x_wconf 87' lang='lat' dir='ltr'>valde</span> <span class='ocrx_word' id='word_1_163' title='bbox 717 2125 807 2174; x_wconf 90' lang='lat' dir='ltr'>dubito.</span> <span class='ocrx_word' id='word_1_164' title='bbox 842 2125 878 2173; x_wconf 90' lang='lat' dir='ltr'>De</span> <span class='ocrx_word' id='word_1_165' title='bbox 895 2125 994 2172; x_wconf 87' lang='lat' dir='ltr'>coloniis</span> <span class='ocrx_word' id='word_1_166' title='bbox 1003 2124 1098 2173; x_wconf 76' lang='lat' dir='ltr'>Graecis</span> <span class='ocrx_word' id='word_1_167' title='bbox 1107 2122 1225 2184; x_wconf 89' lang='lat' dir='ltr'>(Massilia</span> <span class='ocrx_word' id='word_1_168' title='bbox 1233 2121 1342 2185; x_wconf 87' lang='lat' dir='ltr'>aliisque)</span> <span class='ocrx_word' id='word_1_169' title='bbox 1351 2137 1434 2168; x_wconf 90' lang='lat' dir='ltr'>conce·</span> 
     </span>
    </p>
   </div>
   <div class='ocr_carea' id='block_1_5' title="bbox 263 2204 1450 4300">
    <p class='ocr_par' dir='ltr' id='par_1_6' title="bbox 263 2204 1435 3049">
     <span class='ocr_line' id='line_1_17' title="bbox 264 2204 1433 2287; baseline -0.006 -19"><span class='ocrx_word' id='word_1_170' title='bbox 264 2207 367 2256; x_wconf 64' lang='lat' dir='ltr'>flendum</span> <span class='ocrx_word' id='word_1_171' title='bbox 384 2212 427 2257; x_wconf 82' lang='lat' dir='ltr'>est.</span> <span class='ocrx_word' id='word_1_172' title='bbox 463 2208 500 2256; x_wconf 75' lang='lat' dir='ltr'>Os·</span> <span class='ocrx_word' id='word_1_173' title='bbox 519 2209 601 2257; x_wconf 62' lang='lat' dir='ltr'>Strab⁰</span> <span class='ocrx_word' id='word_1_174' title='bbox 618 2209 660 2266; x_wconf 76' lang='lat' dir='ltr'>IV,</span> <span class='ocrx_word' id='word_1_175' title='bbox 678 2209 701 2268; x_wconf 81' lang='lat' dir='ltr'>l,</span> <span class='ocrx_word' id='word_1_176' title='bbox 719 2211 749 2256; x_wconf 69' lang='grc' dir='ltr'>ὅτ</span> <span class='ocrx_word' id='word_1_177' title='bbox 770 2207 932 2287; x_wconf 65' lang='lat' dir='ltr'>..roperta</span> <span class='ocrx_word' id='word_1_178' title='bbox 947 2213 1020 2282; x_wconf 75' lang='grc' dir='ltr'>γοῦν</span> <span class='ocrx_word' id='word_1_179' title='bbox 1030 2205 1226 2286; x_wconf 76' lang='grc' dir='ltr'><em>ὑποδέχονται</em></span> <span class='ocrx_word' id='word_1_180' title='bbox 1237 2208 1271 2278; x_wconf 81' lang='lat' dir='ltr'>(cl</span> <span class='ocrx_word' id='word_1_181' title='bbox 1282 2204 1433 2277; x_wconf 81' lang='grc' dir='ltr'>Γαλάται)</span> 
     </span>
     <span class='ocr_line' id='line_1_18' title="bbox 263 2297 1433 2390; baseline -0.003 -30"><span class='ocrx_word' id='word_1_182' title='bbox 263 2305 332 2370; x_wconf 78' lang='grc' dir='ltr'>τοῦς</span> <span class='ocrx_word' id='word_1_183' title='bbox 347 2297 403 2378; x_wconf 79' lang='grc' dir='ltr'>μὲν</span> <span class='ocrx_word' id='word_1_184' title='bbox 416 2302 483 2382; x_wconf 66' lang='lat' dir='ltr'>edlu,</span> <span class='ocrx_word' id='word_1_185' title='bbox 495 2300 563 2372; x_wconf 73' lang='grc' dir='ltr'>τοὺς</span> <span class='ocrx_word' id='word_1_186' title='bbox 574 2299 606 2362; x_wconf 81' lang='grc' dir='ltr'>δὲ</span> <span class='ocrx_word' id='word_1_187' title='bbox 616 2307 645 2362; x_wconf 85' lang='grc' dir='ltr'>αἱ</span> <span class='ocrx_word' id='word_1_188' title='bbox 655 2303 755 2372; x_wconf 76' lang='grc' dir='ltr'><strong>πόλεις</strong></span> <span class='ocrx_word' id='word_1_189' title='bbox 765 2312 843 2390; x_wconf 74' lang='grc' dir='ltr'><strong>κοινῇ</strong></span> <span class='ocrx_word' id='word_1_190' title='bbox 854 2304 1063 2380; x_wconf 66' lang='grc' dir='ltr'><strong>μισθούμενοι,</strong></span> <span class='ocrx_word' id='word_1_191' title='bbox 1076 2302 1220 2376; x_wconf 61' lang='grc' dir='ltr'>καθάπερ</span> <span class='ocrx_word' id='word_1_192' title='bbox 1230 2300 1279 2363; x_wconf 76' lang='grc' dir='ltr'>καὶ</span> <span class='ocrx_word' id='word_1_193' title='bbox 1290 2299 1433 2374; x_wconf 67' lang='grc' dir='ltr'>ιάτροός.”</span> 
     </span>
     <span class='ocr_line' id='line_1_19' title="bbox 264 2397 1434 2463; baseline -0.003 -16"><span class='ocrx_word' id='word_1_194' title='bbox 264 2399 341 2448; x_wconf 84' lang='grc' dir='ltr'><strong>Ιιιιιιιο</strong></span> <span class='ocrx_word' id='word_1_195' title='bbox 359 2400 385 2448; x_wconf 84' lang='grc'>0.</span> <span class='ocrx_word' id='word_1_196' title='bbox 404 2401 423 2448; x_wconf 95' lang='grc' dir='ltr'>Ι.</span> <span class='ocrx_word' id='word_1_197' title='bbox 441 2400 467 2449; x_wconf 87' lang='lat' dir='ltr'>L.</span> <span class='ocrx_word' id='word_1_198' title='bbox 486 2401 527 2456; x_wconf 89' lang='lat' dir='ltr'>XI,</span> <span class='ocrx_word' id='word_1_199' title='bbox 546 2400 611 2452; x_wconf 78' lang='lat'>3007</span> <span class='ocrx_word' id='word_1_200' title='bbox 628 2407 670 2462; x_wconf 92' lang='lat'>(=</span> <span class='ocrx_word' id='word_1_201' title='bbox 688 2402 728 2450; x_wconf 89' lang='lat' dir='ltr'>Or.</span> <span class='ocrx_word' id='word_1_202' title='bbox 746 2401 821 2459; x_wconf 86' lang='grc'><strong>3507)</strong></span> <span class='ocrx_word' id='word_1_203' title='bbox 837 2405 1032 2450; x_wconf 85' lang='lat' dir='ltr'>commemoratur</span> <span class='ocrx_word' id='word_1_204' title='bbox 1047 2399 1146 2463; x_wconf 90' lang='lat' dir='ltr'>qnidam</span> <span class='ocrx_word' id='word_1_205' title='bbox 1165 2399 1287 2463; x_wconf 79' lang='lat' dir='ltr'>„modicus</span> <span class='ocrx_word' id='word_1_206' title='bbox 1297 2397 1434 2446; x_wconf 87' lang='lat' dir='ltr'>salariarins</span> 
     </span>
     <span class='ocr_line' id='line_1_20' title="bbox 264 2480 1433 2548; baseline -0.002 -18"><span class='ocrx_word' id='word_1_207' title='bbox 264 2483 392 2548; x_wconf 86' lang='lat' dir='ltr'>eivitati[s]</span> <span class='ocrx_word' id='word_1_208' title='bbox 420 2482 626 2548; x_wconf 79' lang='lat' dir='ltr'>splendidissimae</span> <span class='ocrx_word' id='word_1_209' title='bbox 647 2484 861 2533; x_wconf 84' lang='lat' dir='ltr'>Ferentiensinm.”</span> <span class='ocrx_word' id='word_1_210' title='bbox 879 2484 1043 2546; x_wconf 73' lang='lat' dir='ltr'>(Ferentinum</span> <span class='ocrx_word' id='word_1_211' title='bbox 1059 2483 1104 2531; x_wconf 87' lang='lat' dir='ltr'>hoe</span> <span class='ocrx_word' id='word_1_212' title='bbox 1120 2486 1169 2531; x_wconf 80' lang='lat' dir='ltr'>erat</span> <span class='ocrx_word' id='word_1_213' title='bbox 1185 2480 1345 2545; x_wconf 90' lang='lat' dir='ltr'>munieipinm</span> <span class='ocrx_word' id='word_1_214' title='bbox 1362 2481 1433 2529; x_wconf 77' lang='lat' dir='ltr'>Etru·</span> 
     </span>
     <span class='ocr_line' id='line_1_21' title="bbox 264 2565 1435 2632; baseline -0.002 -18"><span class='ocrx_word' id='word_1_215' title='bbox 264 2565 328 2626; x_wconf 79' lang='lat' dir='ltr'>rice.)</span> <span class='ocrx_word' id='word_1_216' title='bbox 362 2565 430 2615; x_wconf 85' lang='lat' dir='ltr'>Tales</span> <span class='ocrx_word' id='word_1_217' title='bbox 448 2567 558 2625; x_wconf 87' lang='lat' dir='ltr'>medicos,</span> <span class='ocrx_word' id='word_1_218' title='bbox 575 2568 616 2630; x_wconf 88' lang='lat' dir='ltr'>qui</span> <span class='ocrx_word' id='word_1_219' title='bbox 635 2567 731 2632; x_wconf 89' lang='lat' dir='ltr'>publico</span> <span class='ocrx_word' id='word_1_220' title='bbox 748 2568 833 2616; x_wconf 91' lang='lat' dir='ltr'>salario</span> <span class='ocrx_word' id='word_1_221' title='bbox 843 2567 988 2624; x_wconf 79' lang='lat' dir='ltr'>fruebantur,</span> <span class='ocrx_word' id='word_1_222' title='bbox 998 2582 1079 2616; x_wconf 86' lang='lat' dir='ltr'>omnes</span> <span class='ocrx_word' id='word_1_223' title='bbox 1096 2565 1202 2624; x_wconf 85' lang='lat' dir='ltr'>cives,</span> <span class='ocrx_word' id='word_1_224' title='bbox 1219 2580 1273 2613; x_wconf 88' lang='lat' dir='ltr'>eum</span> <span class='ocrx_word' id='word_1_225' title='bbox 1282 2567 1435 2627; x_wconf 80' lang='lat' dir='ltr'>aegrotarent,</span> 
     </span>
     <span class='ocr_line' id='line_1_22' title="bbox 263 2648 1434 2716; baseline -0.001 -20"><span class='ocrx_word' id='word_1_226' title='bbox 263 2648 320 2696; x_wconf 91' lang='lat' dir='ltr'>illos</span> <span class='ocrx_word' id='word_1_227' title='bbox 337 2649 431 2713; x_wconf 87' lang='lat' dir='ltr'>quidem</span> <span class='ocrx_word' id='word_1_228' title='bbox 449 2666 542 2698; x_wconf 81' lang='lat' dir='ltr'>curasse</span> <span class='ocrx_word' id='word_1_229' title='bbox 559 2651 623 2699; x_wconf 91' lang='lat' dir='ltr'>credi</span> <span class='ocrx_word' id='word_1_230' title='bbox 641 2655 723 2715; x_wconf 88' lang='lat' dir='ltr'>potest.</span> <span class='ocrx_word' id='word_1_231' title='bbox 760 2651 823 2716; x_wconf 72' lang='lat' dir='ltr'>Quid</span> <span class='ocrx_word' id='word_1_232' title='bbox 842 2657 919 2700; x_wconf 88' lang='lat' dir='ltr'>tamen</span> <span class='ocrx_word' id='word_1_233' title='bbox 928 2650 1015 2714; x_wconf 87' lang='lat' dir='ltr'>aegroti</span> <span class='ocrx_word' id='word_1_234' title='bbox 1027 2665 1145 2714; x_wconf 88' lang='lat' dir='ltr'>pauperes,</span> <span class='ocrx_word' id='word_1_235' title='bbox 1154 2649 1195 2712; x_wconf 92' lang='lat' dir='ltr'>qui</span> <span class='ocrx_word' id='word_1_236' title='bbox 1205 2649 1301 2696; x_wconf 84' lang='lat' dir='ltr'>civitate</span> <span class='ocrx_word' id='word_1_237' title='bbox 1309 2649 1434 2696; x_wconf 75' lang='lat' dir='ltr'>carerent?</span> 
     </span>
     <span class='ocr_line' id='line_1_23' title="bbox 263 2729 1434 2798; baseline -0.002 -18"><span class='ocrx_word' id='word_1_238' title='bbox 263 2731 410 2790; x_wconf 86' lang='lat' dir='ltr'>Iallemand,</span> <span class='ocrx_word' id='word_1_239' title='bbox 435 2733 500 2782; x_wconf 87' lang='lat' dir='ltr'>Hist.</span> <span class='ocrx_word' id='word_1_240' title='bbox 526 2735 554 2782; x_wconf 92' lang='lat' dir='ltr'>de</span> <span class='ocrx_word' id='word_1_241' title='bbox 582 2733 606 2782; x_wconf 91' lang='lat' dir='ltr'>la</span> <span class='ocrx_word' id='word_1_242' title='bbox 631 2733 734 2790; x_wconf 76' lang='lat' dir='ltr'>Charite,</span> <span class='ocrx_word' id='word_1_243' title='bbox 756 2735 837 2798; x_wconf 84' lang='lat' dir='ltr'>Ipag.</span> <span class='ocrx_word' id='word_1_244' title='bbox 858 2735 903 2782; x_wconf 83' lang='lat'>155</span> <span class='ocrx_word' id='word_1_245' title='bbox 923 2751 970 2798; x_wconf 88' lang='lat' dir='ltr'>seq.</span> <span class='ocrx_word' id='word_1_246' title='bbox 988 2733 1064 2795; x_wconf 76' lang='lat' dir='ltr'>(Paris</span> <span class='ocrx_word' id='word_1_247' title='bbox 1083 2732 1172 2792; x_wconf 65' lang='lat' dir='ltr'>leon:</span> <span class='ocrx_word' id='word_1_248' title='bbox 1192 2731 1247 2796; x_wconf 76' lang='lat' dir='ltr'>„On</span> <span class='ocrx_word' id='word_1_249' title='bbox 1266 2731 1315 2779; x_wconf 87' lang='lat' dir='ltr'>voit</span> <span class='ocrx_word' id='word_1_250' title='bbox 1331 2747 1377 2794; x_wconf 87' lang='lat' dir='ltr'>que</span> <span class='ocrx_word' id='word_1_251' title='bbox 1399 2729 1434 2778; x_wconf 85' lang='lat' dir='ltr'>les</span> 
     </span>
     <span class='ocr_line' id='line_1_24' title="bbox 264 2813 1433 2882; baseline -0.002 -18"><span class='ocrx_word' id='word_1_252' title='bbox 264 2815 385 2874; x_wconf 87' lang='lat' dir='ltr'>Romaius,</span> <span class='ocrx_word' id='word_1_253' title='bbox 410 2816 425 2864; x_wconf 75' lang='lat' dir='ltr'>la</span> <span class='ocrx_word' id='word_1_254' title='bbox 449 2816 588 2866; x_wconf 88' lang='lat' dir='ltr'>l&#39;imitation</span> <span class='ocrx_word' id='word_1_255' title='bbox 613 2819 653 2866; x_wconf 90' lang='lat' dir='ltr'>des</span> <span class='ocrx_word' id='word_1_256' title='bbox 670 2816 727 2866; x_wconf 71' lang='lat' dir='ltr'>cites</span> <span class='ocrx_word' id='word_1_257' title='bbox 743 2835 862 2882; x_wconf 84' lang='lat' dir='ltr'>grecques,</span> <span class='ocrx_word' id='word_1_258' title='bbox 879 2821 922 2866; x_wconf 87' lang='lat' dir='ltr'>ont</span> <span class='ocrx_word' id='word_1_259' title='bbox 939 2818 997 2865; x_wconf 89' lang='lat' dir='ltr'>dans</span> <span class='ocrx_word' id='word_1_260' title='bbox 1014 2816 1111 2864; x_wconf 89' lang='lat' dir='ltr'>nombre</span> <span class='ocrx_word' id='word_1_261' title='bbox 1128 2816 1157 2864; x_wconf 92' lang='lat' dir='ltr'>de</span> <span class='ocrx_word' id='word_1_262' title='bbox 1171 2815 1240 2863; x_wconf 83' lang='lat' dir='ltr'>villas</span> <span class='ocrx_word' id='word_1_263' title='bbox 1257 2815 1298 2862; x_wconf 86' lang='lat' dir='ltr'>des</span> <span class='ocrx_word' id='word_1_264' title='bbox 1316 2813 1433 2862; x_wconf 72' lang='lat' dir='ltr'>medecina</span> 
     </span>
     <span class='ocr_line' id='line_1_25' title="bbox 263 2897 1434 2966; baseline -0.004 -17"><span class='ocrx_word' id='word_1_265' title='bbox 263 2899 365 2966; x_wconf 82' lang='lat' dir='ltr'>publics,</span> <span class='ocrx_word' id='word_1_266' title='bbox 383 2899 453 2965; x_wconf 83' lang='lat' dir='ltr'>paye&#39;s</span> <span class='ocrx_word' id='word_1_267' title='bbox 470 2917 511 2949; x_wconf 88' lang='lat' dir='ltr'>sur</span> <span class='ocrx_word' id='word_1_268' title='bbox 528 2900 562 2949; x_wconf 92' lang='lat' dir='ltr'>les</span> <span class='ocrx_word' id='word_1_269' title='bbox 579 2902 648 2950; x_wconf 84' lang='lat' dir='ltr'>fonds</span> <span class='ocrx_word' id='word_1_270' title='bbox 665 2902 827 2966; x_wconf 79' lang='lat' dir='ltr'>municipem,</span> <span class='ocrx_word' id='word_1_271' title='bbox 845 2901 904 2950; x_wconf 91' lang='lat' dir='ltr'>mais</span> <span class='ocrx_word' id='word_1_272' title='bbox 922 2901 1028 2949; x_wconf 85' lang='lat' dir='ltr'>dormant</span> <span class='ocrx_word' id='word_1_273' title='bbox 1044 2900 1108 2948; x_wconf 88' lang='lat' dir='ltr'>leurs</span> <span class='ocrx_word' id='word_1_274' title='bbox 1123 2899 1188 2948; x_wconf 87' lang='lat' dir='ltr'>seins</span> <span class='ocrx_word' id='word_1_275' title='bbox 1204 2915 1250 2947; x_wconf 91' lang='lat' dir='ltr'>aux</span> <span class='ocrx_word' id='word_1_276' title='bbox 1258 2897 1434 2961; x_wconf 82' lang='lat' dir='ltr'>senlscitoyens</span> 
     </span>
     <span class='ocr_line' id='line_1_26' title="bbox 263 2981 1283 3049; baseline -0.005 -15"><span class='ocrx_word' id='word_1_277' title='bbox 263 2988 286 3034; x_wconf 88' lang='lat' dir='ltr'>et</span> <span class='ocrx_word' id='word_1_278' title='bbox 303 3001 332 3032; x_wconf 90' lang='lat' dir='ltr'>ne</span> <span class='ocrx_word' id='word_1_279' title='bbox 349 3000 373 3033; x_wconf 87' lang='lat' dir='ltr'>se</span> <span class='ocrx_word' id='word_1_280' title='bbox 390 2983 546 3048; x_wconf 86' lang='lat' dir='ltr'>pre&#39;oeeupant</span> <span class='ocrx_word' id='word_1_281' title='bbox 563 2985 632 3049; x_wconf 91' lang='lat' dir='ltr'>point</span> <span class='ocrx_word' id='word_1_282' title='bbox 648 2985 688 3034; x_wconf 90' lang='lat' dir='ltr'>des</span> <span class='ocrx_word' id='word_1_283' title='bbox 705 3001 804 3049; x_wconf 78' lang='lat' dir='ltr'>pauvres</span> <span class='ocrx_word' id='word_1_284' title='bbox 821 2985 863 3048; x_wconf 90' lang='lat' dir='ltr'>qni</span> <span class='ocrx_word' id='word_1_285' title='bbox 882 3001 911 3032; x_wconf 91' lang='lat' dir='ltr'>ne</span> <span class='ocrx_word' id='word_1_286' title='bbox 926 2985 1043 3047; x_wconf 88' lang='lat' dir='ltr'>jonissent</span> <span class='ocrx_word' id='word_1_287' title='bbox 1058 2999 1100 3047; x_wconf 87' lang='lat' dir='ltr'>pas</span> <span class='ocrx_word' id='word_1_288' title='bbox 1117 2983 1145 3030; x_wconf 91' lang='lat' dir='ltr'>de</span> <span class='ocrx_word' id='word_1_289' title='bbox 1161 2999 1187 3030; x_wconf 91' lang='lat' dir='ltr'>ee</span> <span class='ocrx_word' id='word_1_290' title='bbox 1203 2981 1283 3030; x_wconf 87' lang='lat' dir='ltr'>titre.&#39;&#39;</span> 
     </span>
    </p>

    <p class='ocr_par' dir='ltr' id='par_1_7' title="bbox 263 3063 1435 3783">
     <span class='ocr_line' id='line_1_27' title="bbox 297 3063 1435 3133; baseline -0.005 -17"><span class='ocrx_word' id='word_1_291' title='bbox 297 3067 319 3127; x_wconf 85' lang='lat'>¹)</span> <span class='ocrx_word' id='word_1_292' title='bbox 353 3068 442 3116; x_wconf 86' lang='lat' dir='ltr'>Haeser</span> <span class='ocrx_word' id='word_1_293' title='bbox 464 3067 481 3116; x_wconf 94' lang='lat' dir='ltr'>l.</span> <span class='ocrx_word' id='word_1_294' title='bbox 499 3068 517 3116; x_wconf 91' lang='lat'>1.</span> <span class='ocrx_word' id='word_1_295' title='bbox 534 3085 585 3133; x_wconf 85' lang='lat' dir='ltr'>pag.</span> <span class='ocrx_word' id='word_1_296' title='bbox 603 3069 668 3116; x_wconf 81' lang='lat'>441:</span> <span class='ocrx_word' id='word_1_297' title='bbox 688 3069 763 3133; x_wconf 84' lang='lat' dir='ltr'>„Dass</span> <span class='ocrx_word' id='word_1_298' title='bbox 781 3069 821 3116; x_wconf 91' lang='lat' dir='ltr'>das</span> <span class='ocrx_word' id='word_1_299' title='bbox 839 3067 975 3116; x_wconf 82' lang='lat' dir='ltr'>Alterthum</span> <span class='ocrx_word' id='word_1_300' title='bbox 993 3067 1190 3115; x_wconf 79' lang='lat' dir='ltr'>Krankenbduser</span> <span class='ocrx_word' id='word_1_301' title='bbox 1206 3065 1232 3112; x_wconf 90' lang='lat' dir='ltr'>in</span> <span class='ocrx_word' id='word_1_302' title='bbox 1250 3080 1344 3112; x_wconf 86' lang='lat' dir='ltr'>nuscrm</span> <span class='ocrx_word' id='word_1_303' title='bbox 1361 3063 1435 3111; x_wconf 87' lang='lat' dir='ltr'>Sinne</span> 
     </span>
     <span class='ocr_line' id='line_1_28' title="bbox 264 3146 1435 3210; baseline -0.003 -12"><span class='ocrx_word' id='word_1_304' title='bbox 264 3151 331 3199; x_wconf 87' lang='lat' dir='ltr'>nieht</span> <span class='ocrx_word' id='word_1_305' title='bbox 355 3151 450 3210; x_wconf 85' lang='lat' dir='ltr'>kannte,</span> <span class='ocrx_word' id='word_1_306' title='bbox 478 3153 538 3200; x_wconf 86' lang='lat' dir='ltr'>wird</span> <span class='ocrx_word' id='word_1_307' title='bbox 562 3168 600 3200; x_wconf 88' lang='lat' dir='ltr'>am</span> <span class='ocrx_word' id='word_1_308' title='bbox 629 3152 727 3200; x_wconf 88' lang='lat' dir='ltr'>meisten</span> <span class='ocrx_word' id='word_1_309' title='bbox 753 3151 865 3199; x_wconf 86' lang='lat' dir='ltr'>bewiesen</span> <span class='ocrx_word' id='word_1_310' title='bbox 893 3151 967 3198; x_wconf 88' lang='lat' dir='ltr'>durch</span> <span class='ocrx_word' id='word_1_311' title='bbox 992 3150 1032 3198; x_wconf 85' lang='lat' dir='ltr'>das</span> <span class='ocrx_word' id='word_1_312' title='bbox 1060 3149 1164 3196; x_wconf 89' lang='lat' dir='ltr'>Stanneu</span> <span class='ocrx_word' id='word_1_313' title='bbox 1189 3149 1230 3196; x_wconf 90' lang='lat' dir='ltr'>der</span> <span class='ocrx_word' id='word_1_314' title='bbox 1255 3147 1347 3195; x_wconf 88' lang='lat' dir='ltr'>Heiden</span> <span class='ocrx_word' id='word_1_315' title='bbox 1370 3146 1435 3195; x_wconf 89' lang='lat' dir='ltr'>beim</span> 
     </span>
     <span class='ocr_line' id='line_1_29' title="bbox 263 3229 1434 3290; baseline -0.004 -9"><span class='ocrx_word' id='word_1_316' title='bbox 263 3233 366 3282; x_wconf 79' lang='lat' dir='ltr'>Anbliclr</span> <span class='ocrx_word' id='word_1_317' title='bbox 384 3234 425 3282; x_wconf 90' lang='lat' dir='ltr'>der</span> <span class='ocrx_word' id='word_1_318' title='bbox 441 3237 517 3282; x_wconf 86' lang='lat' dir='ltr'>ersten</span> <span class='ocrx_word' id='word_1_319' title='bbox 536 3235 659 3283; x_wconf 82' lang='lat' dir='ltr'>Aastalten</span> <span class='ocrx_word' id='word_1_320' title='bbox 677 3235 753 3284; x_wconf 88' lang='lat' dir='ltr'>dieser</span> <span class='ocrx_word' id='word_1_321' title='bbox 769 3237 820 3290; x_wconf 81' lang='lat' dir='ltr'>Art,</span> <span class='ocrx_word' id='word_1_322' title='bbox 838 3234 912 3282; x_wconf 91' lang='lat' dir='ltr'>dnreh</span> <span class='ocrx_word' id='word_1_323' title='bbox 930 3233 973 3281; x_wconf 88' lang='lat' dir='ltr'>den</span> <span class='ocrx_word' id='word_1_324' title='bbox 992 3232 1113 3280; x_wconf 81' lang='lat' dir='ltr'>Wetteiler</span> <span class='ocrx_word' id='word_1_325' title='bbox 1129 3232 1170 3279; x_wconf 89' lang='lat' dir='ltr'>der</span> <span class='ocrx_word' id='word_1_326' title='bbox 1180 3230 1333 3279; x_wconf 83' lang='lat' dir='ltr'>heidnischen</span> <span class='ocrx_word' id='word_1_327' title='bbox 1343 3229 1434 3285; x_wconf 81' lang='lat' dir='ltr'>Kaisar,</span> 
     </span>
     <span class='ocr_line' id='line_1_30' title="bbox 263 3312 1433 3382; baseline -0.003 -18"><span class='ocrx_word' id='word_1_328' title='bbox 263 3333 288 3364; x_wconf 92' lang='lat' dir='ltr'>es</span> <span class='ocrx_word' id='word_1_329' title='bbox 315 3317 361 3365; x_wconf 90' lang='lat' dir='ltr'>den</span> <span class='ocrx_word' id='word_1_330' title='bbox 387 3317 497 3366; x_wconf 84' lang='lat' dir='ltr'>Christeu</span> <span class='ocrx_word' id='word_1_331' title='bbox 517 3317 595 3381; x_wconf 83' lang='lat' dir='ltr'>gleich</span> <span class='ocrx_word' id='word_1_332' title='bbox 612 3335 640 3366; x_wconf 83' lang='lat' dir='ltr'>an</span> <span class='ocrx_word' id='word_1_333' title='bbox 657 3317 742 3366; x_wconf 85' lang='lat' dir='ltr'>thnu.&#39;&#39;</span> <span class='ocrx_word' id='word_1_334' title='bbox 777 3317 847 3382; x_wconf 71' lang='lat' dir='ltr'>Quod</span> <span class='ocrx_word' id='word_1_335' title='bbox 866 3323 891 3365; x_wconf 91' lang='lat' dir='ltr'>ut</span> <span class='ocrx_word' id='word_1_336' title='bbox 908 3315 997 3380; x_wconf 87' lang='lat' dir='ltr'>probet,</span> <span class='ocrx_word' id='word_1_337' title='bbox 1015 3318 1181 3364; x_wconf 83' lang='lat' dir='ltr'>commemorat</span> <span class='ocrx_word' id='word_1_338' title='bbox 1199 3313 1268 3361; x_wconf 87' lang='lat' dir='ltr'>verba</span> <span class='ocrx_word' id='word_1_339' title='bbox 1285 3312 1329 3360; x_wconf 92' lang='lat' dir='ltr'>illa</span> <span class='ocrx_word' id='word_1_340' title='bbox 1345 3312 1433 3360; x_wconf 90' lang='lat' dir='ltr'>Iuliani</span> 
     </span>
     <span class='ocr_line' id='line_1_31' title="bbox 264 3395 1434 3465; baseline -0.004 -17"><span class='ocrx_word' id='word_1_341' title='bbox 264 3401 396 3464; x_wconf 82' lang='lat' dir='ltr'>Apostatae,</span> <span class='ocrx_word' id='word_1_342' title='bbox 418 3417 477 3464; x_wconf 89' lang='lat' dir='ltr'>quae</span> <span class='ocrx_word' id='word_1_343' title='bbox 493 3401 544 3465; x_wconf 88' lang='lat' dir='ltr'>ipsc</span> <span class='ocrx_word' id='word_1_344' title='bbox 561 3401 587 3449; x_wconf 92' lang='lat' dir='ltr'>in</span> <span class='ocrx_word' id='word_1_345' title='bbox 608 3401 731 3449; x_wconf 87' lang='lat' dir='ltr'>Prooemio</span> <span class='ocrx_word' id='word_1_346' title='bbox 748 3401 859 3464; x_wconf 84' lang='lat' dir='ltr'>exscripsi</span> <span class='ocrx_word' id='word_1_347' title='bbox 877 3408 938 3464; x_wconf 77' lang='lat' dir='ltr'>(pag.</span> <span class='ocrx_word' id='word_1_348' title='bbox 958 3399 1041 3460; x_wconf 71' lang='grc'><strong>17)]8)</strong></span> <span class='ocrx_word' id='word_1_349' title='bbox 1059 3399 1113 3446; x_wconf 90' lang='lat' dir='ltr'>adn.</span> <span class='ocrx_word' id='word_1_350' title='bbox 1130 3399 1162 3456; x_wconf 84' lang='grc'>3).</span> <span class='ocrx_word' id='word_1_351' title='bbox 1180 3425 1212 3432; x_wconf 95' lang='grc'>-</span> <span class='ocrx_word' id='word_1_352' title='bbox 1230 3396 1311 3454; x_wconf 89' lang='lat' dir='ltr'>Briau,</span> <span class='ocrx_word' id='word_1_353' title='bbox 1328 3395 1434 3444; x_wconf 85' lang='lat' dir='ltr'>L’assist.</span> 
     </span>
     <span class='ocr_line' id='line_1_32' title="bbox 264 3479 1434 3548; baseline -0.005 -16"><span class='ocrx_word' id='word_1_354' title='bbox 264 3481 348 3532; x_wconf 85' lang='lat' dir='ltr'>me&#39;dic.</span> <span class='ocrx_word' id='word_1_355' title='bbox 366 3483 421 3532; x_wconf 76' lang='lat' dir='ltr'>eheu</span> <span class='ocrx_word' id='word_1_356' title='bbox 438 3483 472 3532; x_wconf 89' lang='lat' dir='ltr'>les</span> <span class='ocrx_word' id='word_1_357' title='bbox 486 3485 562 3542; x_wconf 85' lang='lat' dir='ltr'>Rom,</span> <span class='ocrx_word' id='word_1_358' title='bbox 581 3500 632 3548; x_wconf 79' lang='lat' dir='ltr'>pag.</span> <span class='ocrx_word' id='word_1_359' title='bbox 650 3484 698 3532; x_wconf 75' lang='lat'>93:</span> <span class='ocrx_word' id='word_1_360' title='bbox 718 3485 776 3548; x_wconf 74' lang='lat' dir='ltr'>„Les</span> <span class='ocrx_word' id='word_1_361' title='bbox 794 3483 927 3532; x_wconf 85' lang='lat' dir='ltr'>recherches</span> <span class='ocrx_word' id='word_1_362' title='bbox 945 3479 1089 3546; x_wconf 71' lang='lat' dir='ltr'>multiplices</span> <span class='ocrx_word' id='word_1_363' title='bbox 1106 3481 1146 3529; x_wconf 91' lang='lat' dir='ltr'>des</span> <span class='ocrx_word' id='word_1_364' title='bbox 1162 3485 1258 3529; x_wconf 88' lang='lat' dir='ltr'>auteurs</span> <span class='ocrx_word' id='word_1_365' title='bbox 1277 3513 1434 3528; x_wconf 88' lang='lat'><strong>.......</strong></span> 
     </span>
     <span class='ocr_line' id='line_1_33' title="bbox 263 3561 1434 3630; baseline -0.004 -16"><span class='ocrx_word' id='word_1_366' title='bbox 263 3567 393 3630; x_wconf 86' lang='lat' dir='ltr'>paruissent</span> <span class='ocrx_word' id='word_1_367' title='bbox 409 3567 475 3615; x_wconf 88' lang='lat' dir='ltr'>avoir</span> <span class='ocrx_word' id='word_1_368' title='bbox 492 3565 612 3615; x_wconf 68' lang='lat' dir='ltr'>demontrat</span> <span class='ocrx_word' id='word_1_369' title='bbox 629 3583 683 3615; x_wconf 87' lang='lat' dir='ltr'>sans</span> <span class='ocrx_word' id='word_1_370' title='bbox 700 3572 802 3615; x_wconf 90' lang='lat' dir='ltr'>eonteste</span> <span class='ocrx_word' id='word_1_371' title='bbox 818 3583 864 3630; x_wconf 83' lang='lat' dir='ltr'>que</span> <span class='ocrx_word' id='word_1_372' title='bbox 881 3567 939 3614; x_wconf 90' lang='lat' dir='ltr'>daus</span> <span class='ocrx_word' id='word_1_373' title='bbox 955 3581 1033 3614; x_wconf 88' lang='lat' dir='ltr'>aucun</span> <span class='ocrx_word' id='word_1_374' title='bbox 1049 3569 1126 3628; x_wconf 89' lang='lat' dir='ltr'>temps</span> <span class='ocrx_word' id='word_1_375' title='bbox 1143 3567 1166 3612; x_wconf 92' lang='lat' dir='ltr'>et</span> <span class='ocrx_word' id='word_1_376' title='bbox 1177 3563 1232 3611; x_wconf 82' lang='lat' dir='ltr'>chen</span> <span class='ocrx_word' id='word_1_377' title='bbox 1245 3579 1322 3610; x_wconf 89' lang='lat' dir='ltr'>aucun</span> <span class='ocrx_word' id='word_1_378' title='bbox 1340 3561 1434 3626; x_wconf 87' lang='lat' dir='ltr'>psuple,</span> 
     </span>
     <span class='ocr_line' id='line_1_34' title="bbox 263 3644 1434 3714; baseline -0.006 -16"><span class='ocrx_word' id='word_1_379' title='bbox 263 3649 283 3698; x_wconf 91' lang='lat' dir='ltr'>il</span> <span class='ocrx_word' id='word_1_380' title='bbox 308 3649 347 3698; x_wconf 90' lang='lat' dir='ltr'>u&#39;a</span> <span class='ocrx_word' id='word_1_381' title='bbox 372 3648 445 3698; x_wconf 74' lang='lat' dir='ltr'>existe</span> <span class='ocrx_word' id='word_1_382' title='bbox 469 3649 521 3698; x_wconf 87' lang='lat' dir='ltr'>rien</span> <span class='ocrx_word' id='word_1_383' title='bbox 547 3651 575 3698; x_wconf 92' lang='lat' dir='ltr'>de</span> <span class='ocrx_word' id='word_1_384' title='bbox 601 3649 730 3699; x_wconf 86' lang='lat' dir='ltr'>semblable</span> <span class='ocrx_word' id='word_1_385' title='bbox 747 3650 760 3698; x_wconf 75' lang='lat' dir='ltr'>d</span> <span class='ocrx_word' id='word_1_386' title='bbox 777 3667 808 3698; x_wconf 94' lang='lat' dir='ltr'>nn</span> <span class='ocrx_word' id='word_1_387' title='bbox 828 3649 916 3714; x_wconf 81' lang='lat' dir='ltr'>hdpital</span> <span class='ocrx_word' id='word_1_388' title='bbox 935 3648 1017 3714; x_wconf 91' lang='lat' dir='ltr'>public</span> <span class='ocrx_word' id='word_1_389' title='bbox 1034 3652 1104 3696; x_wconf 88' lang='lat' dir='ltr'>avant</span> <span class='ocrx_word' id='word_1_390' title='bbox 1121 3646 1144 3695; x_wconf 91' lang='lat' dir='ltr'>la</span> <span class='ocrx_word' id='word_1_391' title='bbox 1161 3648 1194 3694; x_wconf 90' lang='lat' dir='ltr'>fin</span> <span class='ocrx_word' id='word_1_392' title='bbox 1212 3646 1244 3694; x_wconf 86' lang='lat' dir='ltr'>dn</span> <span class='ocrx_word' id='word_1_393' title='bbox 1261 3659 1301 3693; x_wconf 84' lang='lat' dir='ltr'>1ve</span> <span class='ocrx_word' id='word_1_394' title='bbox 1318 3644 1388 3692; x_wconf 76' lang='lat' dir='ltr'>siecle</span> <span class='ocrx_word' id='word_1_395' title='bbox 1405 3645 1434 3692; x_wconf 90' lang='lat' dir='ltr'>de</span> 
     </span>
     <span class='ocr_line' id='line_1_35' title="bbox 263 3732 497 3783; baseline 0.004 -2"><span class='ocrx_word' id='word_1_396' title='bbox 263 3732 320 3782; x_wconf 80' lang='lat' dir='ltr'>l’dre</span> <span class='ocrx_word' id='word_1_397' title='bbox 337 3732 497 3783; x_wconf 53' lang='lat' dir='ltr'>aurelianae?</span> 
     </span>
    </p>

    <p class='ocr_par' dir='ltr' id='par_1_8' title="bbox 263 3811 1434 4214">
     <span class='ocr_line' id='line_1_36' title="bbox 296 3811 1433 3882; baseline -0.006 -17"><span class='ocrx_word' id='word_1_398' title='bbox 296 3816 316 3877; x_wconf 70' lang='grc'>8)</span> <span class='ocrx_word' id='word_1_399' title='bbox 350 3817 484 3866; x_wconf 79' lang='lat' dir='ltr'>Pdhlmann</span> <span class='ocrx_word' id='word_1_400' title='bbox 512 3817 530 3866; x_wconf 89' lang='lat' dir='ltr'>l.</span> <span class='ocrx_word' id='word_1_401' title='bbox 547 3817 564 3866; x_wconf 93' lang='lat' dir='ltr'>l.</span> <span class='ocrx_word' id='word_1_402' title='bbox 591 3834 642 3882; x_wconf 82' lang='lat' dir='ltr'>pag.</span> <span class='ocrx_word' id='word_1_403' title='bbox 671 3817 716 3865; x_wconf 81' lang='lat'>141</span> <span class='ocrx_word' id='word_1_404' title='bbox 743 3819 797 3866; x_wconf 90' lang='lat' dir='ltr'>adn.</span> <span class='ocrx_word' id='word_1_405' title='bbox 816 3817 846 3866; x_wconf 91' lang='lat' dir='ltr'>l:</span> <span class='ocrx_word' id='word_1_406' title='bbox 866 3817 929 3880; x_wconf 85' lang='lat' dir='ltr'>„Gar</span> <span class='ocrx_word' id='word_1_407' title='bbox 948 3815 1014 3864; x_wconf 87' lang='lat' dir='ltr'>nicht</span> <span class='ocrx_word' id='word_1_408' title='bbox 1031 3814 1122 3862; x_wconf 88' lang='lat' dir='ltr'>seheint</span> <span class='ocrx_word' id='word_1_409' title='bbox 1138 3831 1162 3861; x_wconf 87' lang='lat' dir='ltr'>es</span> <span class='ocrx_word' id='word_1_410' title='bbox 1179 3813 1318 3877; x_wconf 68' lang='grc' dir='ltr'>ι(ςιίιοιιιιιιιιιι</span> <span class='ocrx_word' id='word_1_411' title='bbox 1336 3827 1365 3859; x_wconf 83' lang='grc' dir='ltr'>ιιι</span> <span class='ocrx_word' id='word_1_412' title='bbox 1382 3811 1433 3859; x_wconf 86' lang='lat' dir='ltr'>sein</span> 
     </span>
     <span class='ocr_line' id='line_1_37' title="bbox 263 3894 1433 3966; baseline -0.004 -19"><span class='ocrx_word' id='word_1_413' title='bbox 263 3915 292 3948; x_wconf 82' lang='lat' dir='ltr'>nn</span> <span class='ocrx_word' id='word_1_414' title='bbox 318 3900 383 3948; x_wconf 85' lang='lat' dir='ltr'>einer</span> <span class='ocrx_word' id='word_1_415' title='bbox 411 3901 650 3966; x_wconf 83' lang='lat' dir='ltr'>Prophylaxis</span> <span class='ocrx_word' id='word_1_416' title='bbox 676 3917 722 3948; x_wconf 86' lang='lat' dir='ltr'>von</span> <span class='ocrx_word' id='word_1_417' title='bbox 749 3899 1023 3948; x_wconf 88' lang='lat' dir='ltr'>Volksseuehen.</span> <span class='ocrx_word' id='word_1_418' title='bbox 1057 3897 1112 3945; x_wconf 88' lang='lat' dir='ltr'>Was</span> <span class='ocrx_word' id='word_1_419' title='bbox 1138 3897 1183 3944; x_wconf 86' lang='lat' dir='ltr'>wir</span> <span class='ocrx_word' id='word_1_420' title='bbox 1208 3913 1227 3944; x_wconf 81' lang='lat' dir='ltr'>z.</span> <span class='ocrx_word' id='word_1_421' title='bbox 1245 3895 1273 3943; x_wconf 92' lang='lat' dir='ltr'>B.</span> <span class='ocrx_word' id='word_1_422' title='bbox 1291 3911 1337 3942; x_wconf 89' lang='lat' dir='ltr'>von</span> <span class='ocrx_word' id='word_1_423' title='bbox 1355 3894 1433 3942; x_wconf 88' lang='lat' dir='ltr'>einem</span> 
     </span>
     <span class='ocr_line' id='line_1_38' title="bbox 263 3963 1434 4047; baseline -0.005 -17"><span class='ocrx_word' id='word_1_424' title='bbox 263 3982 289 4030; x_wconf 93' lang='lat' dir='ltr'>in</span> <span class='ocrx_word' id='word_1_425' title='bbox 307 3983 383 4030; x_wconf 88' lang='lat' dir='ltr'>dieser</span> <span class='ocrx_word' id='word_1_426' title='bbox 399 3983 513 4032; x_wconf 88' lang='lat' dir='ltr'>Hinsicht</span> <span class='ocrx_word' id='word_1_427' title='bbox 529 4001 555 4033; x_wconf 91' lang='lat' dir='ltr'>so</span> <span class='ocrx_word' id='word_1_428' title='bbox 572 3985 698 4047; x_wconf 82' lang='lat' dir='ltr'>wichtigen</span> <span class='ocrx_word' id='word_1_429' title='bbox 716 3983 971 4046; x_wconf 81' lang='lat' dir='ltr'>Verwaltnngsressort,</span> <span class='ocrx_word' id='word_1_430' title='bbox 988 3983 1033 4029; x_wconf 88' lang='lat' dir='ltr'>wie</span> <span class='ocrx_word' id='word_1_431' title='bbox 1046 3982 1086 4028; x_wconf 88' lang='lat' dir='ltr'>der</span> <span class='ocrx_word' id='word_1_432' title='bbox 1100 3980 1210 4028; x_wconf 84' lang='lat' dir='ltr'>Aulsieht</span> <span class='ocrx_word' id='word_1_433' title='bbox 1227 3981 1267 4026; x_wconf 87' lang='lat' dir='ltr'>der</span> <span class='ocrx_word' id='word_1_434' title='bbox 1278 3963 1366 4026; x_wconf 74' lang='lat' dir='ltr'>datlen</span> <span class='ocrx_word' id='word_1_435' title='bbox 1376 3977 1434 4025; x_wconf 85' lang='lat' dir='ltr'>iiber</span> 
     </span>
     <span class='ocr_line' id='line_1_39' title="bbox 264 4060 1433 4130; baseline -0.005 -17"><span class='ocrx_word' id='word_1_436' title='bbox 264 4065 302 4113; x_wconf 92' lang='lat' dir='ltr'>die</span> <span class='ocrx_word' id='word_1_437' title='bbox 323 4065 433 4114; x_wconf 88' lang='lat' dir='ltr'>Bordelle</span> <span class='ocrx_word' id='word_1_438' title='bbox 460 4068 507 4115; x_wconf 90' lang='lat' dir='ltr'>und</span> <span class='ocrx_word' id='word_1_439' title='bbox 533 4069 574 4116; x_wconf 91' lang='lat' dir='ltr'>das</span> <span class='ocrx_word' id='word_1_440' title='bbox 600 4067 846 4116; x_wconf 84' lang='lat' dir='ltr'>Prostitutionswesen</span> <span class='ocrx_word' id='word_1_441' title='bbox 872 4066 958 4114; x_wconf 88' lang='lat' dir='ltr'>wissen</span> <span class='ocrx_word' id='word_1_442' title='bbox 977 4066 1018 4130; x_wconf 80' lang='lat' dir='ltr'>[cl.</span> <span class='ocrx_word' id='word_1_443' title='bbox 1037 4065 1148 4112; x_wconf 87' lang='lat' dir='ltr'>Momms.</span> <span class='ocrx_word' id='word_1_444' title='bbox 1166 4063 1221 4111; x_wconf 88' lang='lat' dir='ltr'>StR.</span> <span class='ocrx_word' id='word_1_445' title='bbox 1240 4061 1344 4126; x_wconf 69' lang='lat' dir='ltr'>11³P⁰t4</span> <span class='ocrx_word' id='word_1_446' title='bbox 1363 4060 1433 4124; x_wconf 79' lang='lat'>511],</span> 
     </span>
     <span class='ocr_line' id='line_1_40' title="bbox 263 4147 1018 4214; baseline 0 -17"><span class='ocrx_word' id='word_1_447' title='bbox 263 4148 321 4197; x_wconf 75' lang='lat' dir='ltr'>ldsst</span> <span class='ocrx_word' id='word_1_448' title='bbox 338 4147 406 4196; x_wconf 86' lang='lat' dir='ltr'>nicht</span> <span class='ocrx_word' id='word_1_449' title='bbox 421 4149 462 4197; x_wconf 91' lang='lat' dir='ltr'>das</span> <span class='ocrx_word' id='word_1_450' title='bbox 478 4149 594 4214; x_wconf 78' lang='lat' dir='ltr'>geriugste</span> <span class='ocrx_word' id='word_1_451' title='bbox 609 4150 763 4214; x_wconf 82' lang='lat' dir='ltr'>hygienische</span> <span class='ocrx_word' id='word_1_452' title='bbox 781 4151 859 4199; x_wconf 90' lang='lat' dir='ltr'>Motiv</span> <span class='ocrx_word' id='word_1_453' title='bbox 875 4148 1018 4198; x_wconf 84' lang='lat' dir='ltr'>erkennen.&#39;&#39;</span> 
     </span>
    </p>

    <p class='ocr_par' dir='ltr' id='par_1_9' title="bbox 297 4215 1450 4300">
     <span class='ocr_line' id='line_1_41' title="bbox 297 4215 1450 4300; baseline -0.006 -19"><span class='ocrx_word' id='word_1_454' title='bbox 297 4232 316 4292; x_wconf 84' lang='lat'>⁴)</span> <span class='ocrx_word' id='word_1_455' title='bbox 352 4225 410 4281; x_wconf 86' lang='lat' dir='ltr'>Hor.</span> <span class='ocrx_word' id='word_1_456' title='bbox 437 4233 511 4282; x_wconf 86' lang='lat' dir='ltr'>Serm.</span> <span class='ocrx_word' id='word_1_457' title='bbox 537 4233 557 4290; x_wconf 93' lang='lat' dir='ltr'>I,</span> <span class='ocrx_word' id='word_1_458' title='bbox 584 4235 607 4291; x_wconf 82' lang='lat'>8,</span> <span class='ocrx_word' id='word_1_459' title='bbox 636 4235 681 4283; x_wconf 75' lang='lat'>10:</span> <span class='ocrx_word' id='word_1_460' title='bbox 709 4235 777 4298; x_wconf 82' lang='lat' dir='ltr'>„Hoc</span> <span class='ocrx_word' id='word_1_461' title='bbox 804 4235 900 4282; x_wconf 87' lang='lat' dir='ltr'>miserae</span> <span class='ocrx_word' id='word_1_462' title='bbox 926 4232 990 4300; x_wconf 85' lang='lat' dir='ltr'>plebi</span> <span class='ocrx_word' id='word_1_463' title='bbox 1020 4232 1095 4282; x_wconf 86' lang='lat' dir='ltr'>stabat</span> <span class='ocrx_word' id='word_1_464' title='bbox 1111 4245 1236 4280; x_wconf 86' lang='lat' dir='ltr'>commune</span> <span class='ocrx_word' id='word_1_465' title='bbox 1253 4215 1450 4294; x_wconf 66' lang='lat' dir='ltr'>sepulchrum.&#39;’&#39;</span> 
     </span>
    </p>
   </div>
   <div class='ocr_carea' id='block_1_6' title="bbox 0 0 1652 5008">
    <p class='ocr_par' dir='ltr' id='par_1_10' title="bbox 0 0 1652 5008">
     <span class='ocr_line' id='line_1_42' title="bbox 0 0 1652 5008; baseline 0 1"><span class='ocrx_word' id='word_1_466' title='bbox 0 0 1652 5008; x_wconf 95' lang='lat' dir='ltr'> </span> 
     </span>
    </p>
   </div>
  </div>
 </body>
</html>
