3274 4998
734 476 797 542 rer
844 431 846 434 ²

225 653 385 723 Vescitur
408 654 521 720 omnis
543 677 647 742 eques
671 660 785 723 tecum
807 655 1024 744 populusque
1046 661 1236 744 patresque,

270 769 316 833 Et
338 769 429 855 capit
452 769 637 835 ambrosias
661 791 740 835 cum
764 769 850 836 duce
873 769 981 836 Roma
1007 770 1120 857 dapes,

227 882 380 948 Grandia
402 882 575 970 pollicitus
600 889 728 968 quanto
752 883 882 949 maiora
905 883 1048 950 dedistit
1077 931 1080 936 -

270 996 441 1062 Promissa
463 1003 511 1062 est
536 996 634 1062 nobis
657 996 820 1083 sportula,
846 1003 937 1063 recta
960 997 1039 1062 data
1063 999 1144 1064 est.’'

227 1110 327 1188 Quod
358 1111 485 1176 faciens
508 1111 726 1176 Domitianus
750 1109 902 1196 sibiipsi
926 1111 1112 1190 constabat,
1127 1112 1184 1198 qui
1203 1118 1353 1198 „sportu-
1442 1101 1444 1103 ¹

182 1223 231 1288 las
265 1223 420 1310 publicas
453 1223 662 1310 sustullerpt
690 1230 847 1291 revocata
867 1230 1039 1290 rectarum
1064 1246 1250 1314 coenarum
1274 1247 1352 1292 con-

182 1337 395 1403 suetudine.''
433 1337 456 1416 1)
495 1337 527 1402 Α
561 1337 696 1403 Nerone
721 1338 814 1404 enim
841 1337 1021 1424 „publicae
1045 1360 1169 1404 caenae
1194 1339 1237 1404 ad
1261 1361 1352 1426 spor·
1438 1374 1441 1379 ·

183 1451 271 1517 tulas
294 1451 470 1516 redactae''
495 1451 521 1537 Β)
545 1451 689 1516 fuerant.
725 1452 959 1538 Utrarumque
976 1451 1158 1518 discrimen
1175 1452 1239 1518 hoc
1252 1459 1311 1518 est.
1326 1452 1353 1538 8)

186 1566 302 1647 „Recto
327 1587 420 1632 coeno
443 1570 493 1630 est
515 1564 617 1646 lauta,
635 1565 768 1650 integro
781 1571 948 1651 apparatu
959 1565 1144 1631 instructa''
1159 1565 1351 1652 (Forcell.);

181 1680 399 1764 sportularum
422 1700 503 1746 vero
528 1679 667 1744 nomina
691 1678 846 1744 ciborum
872 1700 1008 1765 quoque
1033 1679 1204 1765 portiones
1225 1679 1354 1764 signifi-

182 1791 357 1872 cabantur,
394 1791 537 1876 singulis
573 1792 727 1858 convivis
757 1792 794 1856 in
821 1792 981 1877 sportulis
1005 1792 1189 1878 praebitae,
1214 1793 1235 1858 i.
1261 1815 1289 1859 e.
1314 1794 1351 1858 in

183 1906 298 1992 parvis
332 1906 462 1992 sportis,
500 1927 586 1992 quae
622 1911 719 1971 erant
754 1927 834 1972 vasa
866 1905 1048 1992 qualorum
1071 1913 1131 1971 aut
1154 1907 1352 1972 fiscinarum

184 2025 242 2086 aut
266 2019 421 2085 corbium
444 2019 578 2084 similia.
603 2021 629 2106 4)
676 2019 888 2086 Monendum
911 2027 1026 2084 tamen
1043 2041 1201 2086 nonraro
1216 2042 1352 2107 quoque

183 2140 312 2200 certam
344 2134 509 2220 pecuniae
533 2155 706 2198 summam
729 2133 831 2199 fuisse
855 2133 982 2218 datam,
1003 2153 1090 2218 quae
1115 2139 1149 2198 et
1169 2133 1243 2218 ipsa
1265 2155 1354 2220 spor-

184 2249 277 2329 tulae,
301 2248 524 2328 obscrationis,
549 2247 637 2334 epuli
659 2246 800 2314 vocibus
824 2245 1078 2332 designabatur.

227 2361 344 2427 Nihilo
368 2361 476 2427 secius
500 2361 717 2426 Domitianus
737 2361 808 2446 ipse
829 2381 966 2447 quoque
987 2359 1155 2446 sportulas
1168 2358 1352 2441 distribuit,

183 2475 280 2540 cuius
304 2475 352 2540 rei
376 2480 494 2540 auctor
517 2480 567 2540 est
590 2474 792 2541 Suetonius:
809 2473 1081 2560 „Septimontiali
1093 2481 1188 2539 sacro
1201 2473 1352 2560 quidem,

184 2589 316 2654 senatui
347 2589 524 2676 equitique
550 2589 708 2675 parariis,
734 2589 759 2674 ᾗ)
783 2587 895 2674 plebei
918 2587 1085 2674 sportellis
1109 2608 1189 2652 cum
1213 2586 1353 2652 obsonio

185 2701 381 2784 distributis
405 2703 544 2767 initium
559 2702 718 2770 vescendi
729 2701 862 2789 primus
874 2701 984 2767 fecit.''
1000 2699 1025 2787 6)
1049 2699 1225 2786 Sportulas
1237 2705 1354 2765 autem

185 2816 249 2882 hoc
283 2816 356 2882 loco
391 2837 461 2882 non
485 2838 678 2902 persequar,
704 2823 742 2880 ut
766 2837 853 2902 quae
876 2815 945 2881 sint
967 2813 1151 2901 pleraeque
1182 2814 1219 2878 in
1243 2813 1353 2899 priva·

185 2937 299 2996 torum
323 2951 403 3014 erga
426 2930 645 3016 pauperiores
669 2920 834 2995 beneficia
857 2927 1101 2994 numerandae.
1126 2927 1152 3014 ⁷)

230 3045 285 3109 Ad
324 3043 441 3131 epulas
475 3044 581 3128 igitur
616 3043 805 3109 Domitiani
840 3043 1055 3108 redeundum
1090 3047 1150 3107 est.
1196 3039 1354 3107 Notabile

186 3157 339 3223 eiusdem
381 3157 523 3244 epulum
559 3158 709 3222 carmine
744 3156 892 3222 celebrat
926 3163 958 3222 et
995 3156 1092 3242 quasi
1127 3161 1205 3221 ante
1241 3154 1356 3220 oculos
1412 3199 1416 3204 ,

186 3272 346 3358 proponit
379 3272 417 3338 P.
453 3271 619 3359 Papinius
649 3271 785 3337 Statius.
831 3269 1034 3336 inscribitur
1057 3290 1206 3350 carmen,
1231 3268 1357 3352 dignis·

221 3464 241 3528 ¹)
275 3467 337 3517 Suet.
356 3468 425 3517 Dom.
443 3468 467 3521 7.

220 3551 240 3612 ²)
273 3552 336 3600 Suet.
354 3551 417 3601 Nero
436 3551 474 3600 16.

220 3638 240 3698 ³)
275 3637 311 3684 Ol.
330 3637 407 3700 Marq.
425 3635 537 3686 Privutl.2
553 3651 605 3700 pag.
624 3635 672 3684 208
695 3651 758 3698 seqq.

221 3723 241 3781 ⁴)
275 3721 311 3768 Os.
330 3720 457 3769 Forcellini
475 3737 493 3769 s.
512 3737 534 3768 v.
552 3723 640 3782 sporta.

223 3805 241 3865 ὖ)
275 3805 386 3867 Lipsius:
406 3804 521 3868 „Penuria
538 3804 645 3867 digniora
662 3806 717 3852 sunt
735 3801 847 3866 sportulis
865 3818 912 3850 non
929 3801 1101 3864 magnitudine,
1119 3800 1159 3848 sed
1176 3797 1279 3854 materis,
1296 3797 1359 3860 quod

187 3889 231 3936 hac
256 3905 283 3936 ex
309 3887 382 3950 ligno,
409 3887 452 3937 illa
477 3904 504 3936 ex
531 3887 677 3935 viminibus:
704 3891 727 3935 et
750 3887 793 3935 hae
815 3886 951 3950 capaciores,
969 3885 1031 3949 quod
1049 3899 1076 3932 ex
1093 3884 1123 3932 iis
1141 3883 1260 3932 interdum
1278 3881 1359 3944 pluras

188 3987 288 4019 numero
306 3975 415 4028 sumsnt;
434 3971 477 4019 illa
494 3971 595 4028 minora,
611 3971 674 4033 quod
693 3986 754 4018 unus
772 3972 865 4018 tantum
882 3985 910 4017 ex
927 3969 957 4016 iis
975 3969 1055 4016 cibum
1074 3965 1189 4030 caperet.'’

221 4055 242 4114 θ)
276 4054 339 4104 Suet.
357 4055 426 4103 Dom.
444 4057 467 4102 4.

222 4137 242 4197 ⁷)
277 4139 386 4186 Attamen
413 4137 535 4201 Caligulae
560 4153 653 4200 quoque
678 4135 795 4200 sportulas
821 4139 986 4184 aornmemorst
1011 4133 1135 4182 Suetonius
1158 4132 1220 4196 (Cal.
1239 4133 1281 4195 18)
1296 4131 1361 4180 hisce

190 4223 282 4271 verbis:
302 4224 349 4286 „st
365 4223 462 4286 panaris
478 4238 533 4271 cum
550 4221 647 4269 obsonio
666 4220 756 4269 viritim
774 4218 880 4267 divisit.'’
