3226 4998
713 1672 832 1740 Oarur
855 1673 883 1740 Ι.

295 1935 298 1940 -
408 1900 457 1966 Dc
477 1921 628 1985 syrorum
649 1899 916 1984 ccsipocttoatbus
938 1907 967 1966 ct
989 1899 1026 1966 de
1048 1899 1188 1966 colentia

258 2124 313 2190 Ab
336 2124 582 2210 antiquissimis
610 2125 822 2210 temporibus
834 2125 875 2191 de
889 2147 971 2210 agro
984 2125 1143 2190 Romano
1156 2125 1386 2191 controversia

214 2237 288 2302 fun.
334 2237 385 2302 oe
419 2236 479 2302 1110
513 2236 695 2321 litigabant
722 2238 856 2323 patricii
893 2244 927 2302 a
950 2217 1083 2323 presan
1109 2238 1150 2302 de
1174 2236 1234 2302 1110
1257 2236 1384 2322 litigari

214 2372 284 2415 non
317 2351 551 2416 intermissum
581 2357 630 2414 est
653 2371 733 2415 cum
756 2351 907 2436 patriciis
930 2357 963 2416 et
987 2350 1116 2436 plebeis
1141 2350 1233 2436 quod
1256 2349 1298 2415 ad
1323 2372 1384 2436 pu·

214 2462 302 2529 blica
324 2463 400 2528 iura
416 2463 569 2549 aequatis
585 2462 715 2528 nobiles
727 2463 763 2528 in
776 2464 998 2549 patriciorum
1010 2464 1125 2529 locum
1137 2463 1382 2529 successissent.

213 2577 284 2642 Nec
318 2577 447 2641 mirum
480 2576 572 2661 leges
599 2575 640 2641 de
675 2598 756 2661 agro
780 2577 985 2662 assignando
1009 2576 1095 2642 latas
1119 2576 1285 2642 maiorem
1309 2598 1384 2662 par-

214 2696 284 2756 tem
318 2690 363 2754 ad
396 2688 461 2754 hoc
489 2695 662 2754 certamen
685 2689 897 2775 pertinuisse.
945 2688 1146 2755 Caesaribus
1169 2689 1311 2754 demum
1334 2711 1384 2755 re-

214 2803 399 2889 gnantibus
424 2824 505 2887 ager
528 2801 686 2889 publicus
708 2803 745 2866 in
769 2803 997 2869 controversia
1020 2825 1089 2868 esse
1114 2802 1221 2868 desiit.
1247 2801 1272 2890 ¹)

259 2917 348 2982 Cum
370 2915 605 3004 Marquardtio
619 2913 645 3002 2)
667 2915 705 2979 in
727 2937 762 2981 re
786 2916 920 3000 agraria
942 2915 1164 2981 describenda
1187 2916 1252 2981 tria
1275 2915 1384 3002 spatia

216 3029 378 3117 temporis
401 3028 643 3113 distinguenda
666 3035 766 3094 sunt:

259 3165 288 3208 c.
323 3142 379 3207 Ab
402 3142 647 3230 antiquissimis
670 3135 881 3228 temporibus
904 3163 1012 3227 usque
1036 3142 1080 3206 ad
1101 3141 1282 3207 Gracchos.

260 3257 287 3321 b.
322 3256 373 3321 De
397 3255 560 3321 Gracchis
583 3277 690 3343 usque
714 3255 759 3320 ad
781 3255 987 3340 Augustum.

261 3391 285 3434 c.
318 3369 572 3454 Imperatorum
594 3375 759 3454 tempora.

306 3546 335 3589 o.
370 3523 425 3588 Ab
450 3523 695 3610 antiquissimis
720 3520 929 3607 temporibus
954 3541 1062 3607 usque
1087 3520 1131 3585 ad
1154 3519 1335 3586 Gracchos.

263 3677 314 3743 De
338 3699 460 3763 regum
482 3676 703 3763 temporibus
728 3673 754 3763 8)
777 3681 817 3740 ut
839 3694 963 3760 parum
987 3673 1095 3754 certis,
1120 3694 1191 3738 non
1214 3672 1324 3738 multa
1339 3672 1388 3737 di-

219 3791 328 3857 cenda
361 3797 450 3856 sunt.
485 3790 628 3856 Accedit
662 3788 755 3877 quod
789 3788 856 3853 illis
879 3786 1103 3872 regnantibus
1126 3785 1284 3874 publicus
1307 3808 1388 3871 ager

221 3935 414 3950 ——-

255 4026 272 4089 1)
290 4027 327 4076 ct.
346 4027 423 4092 Marq.
441 4028 497 4076 StV.
515 4027 538 4076 1¹
555 4043 607 4092 pag.
626 4027 675 4076 124
691 4042 746 4075 cum
763 4025 816 4074 adn.
835 4024 859 4074 2.

251 4129 262 4143 ·
289 4110 305 4158 l.
324 4109 340 4159 1.
407 4149 411 4158 .
537 4150 541 4160 .

252 4109 273 4255 :i
292 4195 328 4243 De
345 4110 589 4258 riniimotzcniepbiibus
604 4195 739 4244 conteratur
754 4190 868 4255 Schwcgl.
885 4189 915 4240 R.
932 4189 961 4240 G.
978 4188 1003 4237 11
1020 4203 1073 4252 pag.
1090 4188 1139 4237 456
1155 4188 1208 4237 adn.
1228 4189 1249 4237 1.

1263 4278 1304 4344 6*
