3274 4998
746 496 811 564 177

191 673 229 742 in
259 673 421 742 convivia
449 673 631 742 distribuit.
665 674 759 742 idem
787 673 1009 764 Hispaniensi
1033 675 1210 763 triumpho
1235 675 1363 743 (ibium

192 794 226 855 et
262 787 450 855 Falernum
483 788 586 872 dedit,
623 787 726 876 epulo
762 811 841 857 vero
878 789 915 855 in
951 790 1050 856 tertio
1086 790 1266 857 consulatu
1302 811 1364 856 suo

191 901 388 984 Falernum,
424 902 561 985 Chium,
598 902 770 982 Lesbium,
806 903 1064 985 Mamertinum,
1102 924 1171 991 quo
1206 909 1360 990 tempore

192 1015 344 1103 primum
380 1021 541 1104 quattuor
573 1038 698 1102 genera
723 1017 795 1084 vini
818 1017 972 1104 adposita
993 1017 1155 1083 constat.''
1183 1015 1208 1104 1)
1255 1017 1363 1084 Aure·

192 1129 306 1196 lienus
345 1128 493 1218 denique
527 1137 671 1198 testante
706 1131 853 1218 Vopisco
889 1129 917 1217 9)
956 1136 1140 1211 ,statuerat
1173 1137 1207 1197 et
1242 1132 1365 1197 uinum

193 1243 383 1329 gratuitum
406 1266 439 1331 p.
463 1243 506 1310 R.
531 1244 622 1326 dare,
648 1251 694 1324 ut,
719 1244 890 1332 quemad
914 1245 1058 1313 modum
1081 1245 1196 1312 oleum
1219 1245 1365 1332 etpanis

194 1363 228 1424 et
250 1357 392 1445 porcina
414 1358 563 1443 gratuita
585 1357 802 1445 praebentur,
826 1357 853 1444 8)
877 1359 924 1426 sic
947 1359 1051 1425 etiam
1074 1359 1198 1425 uinum
1215 1359 1364 1440 daretur,

196 1471 287 1558 quod
310 1477 516 1564 perpetuum
540 1471 603 1538 hac
628 1471 846 1559 dispositione
870 1478 1081 1559 conceperat.
1129 1472 1286 1538 Etruriae
1304 1494 1365 1559 per

195 1584 372 1651 Aureliam
416 1606 524 1673 usque
559 1585 603 1650 ad
639 1584 743 1673 Alpes
776 1585 965 1652 maritimas
997 1585 1147 1672 ingentis
1181 1585 1254 1671 agri
1286 1592 1367 1652 sunt

194 1699 300 1787 hique
335 1679 463 1766 fertiles
496 1721 536 1765 ae
568 1698 694 1766 siluosi.
726 1705 890 1766 statuerat
912 1700 1018 1786 igitur
1039 1699 1187 1766 dominis
1210 1698 1365 1766 locorum

194 1811 413 1893 incultorum,
450 1813 511 1900 qui
544 1818 660 1879 tamen
695 1812 833 1892 uellent,
858 1814 967 1900 pretia
990 1813 1071 1880 dare
1095 1819 1198 1901 atquc
1222 1812 1292 1880 illic
1315 1814 1363 1880 fa·

196 1925 308 1992 milias
337 1926 492 2014 captiuas
515 1927 729 2008 constituere,
754 1927 884 1993 uitibus
907 1932 1040 1993 montes
1063 1947 1238 1994 conserere
1262 1932 1365 2015 atque

196 2061 240 2106 ex
263 2061 303 2107 eo
326 2062 427 2128 opere
450 2041 574 2106 uinum
597 2040 689 2122 dare,
713 2045 753 2106 ut
774 2039 863 2106 nihil
886 2039 1059 2107 redituum
1073 2040 1174 2107 fiscus
1186 2040 1365 2128 acciperet,

196 2154 255 2220 sed
278 2160 387 2220 totum
412 2176 445 2241 p.
469 2154 512 2220 R.
533 2154 742 2221 concederet
764 2155 854 2222 iacta
869 2153 1039 2220 eratratio
1052 2153 1170 2239 dogae,
1183 2175 1363 2241 cuparum,

196 2268 341 2334 nauium
376 2274 410 2335 et
444 2289 600 2355 operum.
636 2269 695 2335 sed
729 2266 830 2334 multi
861 2268 980 2334 dicunt
1001 2266 1240 2348 Aurelianum,
1265 2289 1308 2334 ne
1331 2268 1366 2334 id

196 2382 331 2464 iaceret,
355 2387 594 2469 praeuentum,
619 2382 678 2448 alii
701 2404 720 2448 a
744 2382 850 2469 praef.
875 2381 1035 2469 praetorii
1058 2402 1119 2447 suo
1143 2380 1365 2468 prohibitum,

197 2495 257 2584 qui
288 2495 413 2562 dixisse
437 2496 564 2562 fertur:
593 2495 641 2562 ‘si
664 2502 698 2562 et
720 2495 843 2562 uinum
868 2517 901 2582 p.
925 2494 967 2560 R.
991 2493 1122 2572 damus,
1143 2501 1305 2582 superest,
1328 2502 1368 2562 ut

196 2616 231 2677 et
264 2609 375 2696 pullos
410 2616 444 2676 et
466 2631 602 2676 anseres
630 2609 770 2676 demus.'
795 2611 998 2694 argumento
1022 2607 1130 2674 estid
1152 2630 1232 2675 uere
1257 2609 1365 2675 Aure-

194 2722 328 2790 lianum
362 2723 536 2809 cogitasse,
571 2723 679 2789 immo
714 2723 819 2790 etiam
852 2723 962 2789 facere
998 2721 1201 2808 disposuisse
1236 2721 1292 2788 uel
1325 2744 1369 2788 ex

196 2835 313 2925 aliqua
335 2843 431 2924 parte
455 2837 581 2918 fecisse,
607 2837 700 2925 quod
722 2837 760 2901 in
785 2836 971 2924 porticibus
990 2834 1111 2922 templi
1133 2835 1220 2902 Solis
1240 2835 1368 2902 fiscalia

196 2953 281 3020 uina
318 2956 505 3039 ponuntur,
531 2972 600 3017 non
624 2951 772 3036 gratuita
796 2949 923 3037 populo
947 2948 1119 3034 eroganda
1141 2949 1200 3016 sed
1225 2949 1365 3036 preti0.'’

240 3065 316 3132 Iam
352 3065 490 3146 ,Ancus
513 3064 663 3131 Marcius
686 3085 747 3130 rex
770 3063 891 3129 salis
914 3056 1101 3130 modiosrr
1134 3063 1171 3128 in
1194 3063 1368 3148 congiario

196 3179 290 3246 dedit
313 3177 482 3266 populis.'’
506 3178 533 3264 4)

240 3291 406 3360 Severum
429 3290 680 3372 Alexandrum,
704 3311 784 3357 cum
808 3295 860 3356 ter
882 3289 979 3356 daret
997 3287 1221 3374 congiarium,
1239 3287 1366 3375 populo

197 3427 391 3473 carnem
415 3403 595 3486 addidisse,
634 3401 658 3492 ⁵)
682 3403 911 3470 Aurelianum
934 3424 1015 3470 vero
1039 3401 1217 3490 porcinam
1239 3401 1367 3488 gratui-

230 3643 250 3705 1)
284 3642 349 3692 ΡΙίιι.
367 3643 384 3693 l.
400 3643 418 3692 l.
438 3643 477 3701 15.
495 3643 535 3696 97.
570 3643 660 3693 Dahis
677 3643 782 3693 Cnemis
798 3641 985 3708 triumphalibus
1002 3641 1066 3692 cenis
1082 3641 1113 3692 ef.
1130 3640 1200 3690 inira.

227 3725 249 3787 ¹)
281 3726 375 3792 Vopisc.
393 3726 475 3776 Aurcl.
492 3727 533 3776 48.

227 3808 248 3871 Ι)
282 3809 318 3858 De
333 3809 437 3874 panibus
454 3810 541 3875 populo
558 3810 652 3860 donatis
669 3811 723 3860 vide
736 3826 789 3875 pag.
808 3811 855 3860 135
873 3816 897 3859 ct
913 3809 1018 3858 eiusdem
1035 3807 1102 3858 Vitae
1119 3808 1176 3872 Cep.
1195 3807 1236 3866 et,
1254 3807 1277 3865 1,
1295 3823 1366 3872 quem

195 3891 275 3942 locum
292 3893 405 3958 exscripsi
423 3893 512 3942 ibidem
529 3893 555 3942 in
572 3894 626 3943 adu.
645 3895 668 3952 b,
686 3894 714 3943 dc
731 3893 828 3957 porcine
844 3890 1059 3957 gmtuitapraebitr
1076 3889 1366 3955 iamiamqucinhacipse

193 3975 279 4040 pagiua
295 3975 403 4025 dicturus
421 3991 482 4025 sum.

228 4058 248 4119 ⁴)
281 4058 347 4108 Plin.
364 4059 394 4108 N.
414 4058 445 4108 H.
463 4058 550 4116 xxxi,
568 4059 592 4118 7,
610 4059 649 4110 89.

228 4139 247 4202 ⁸)
280 4141 402 4206 Iamprid.
428 4140 496 4190 Alex.
522 4142 575 4192 Ser.
601 4143 642 4200 26,
660 4143 683 4192 1.
718 4141 797 4207 Quam
815 4141 930 4190 rationem
946 4139 1010 4189 idem
1026 4139 1110 4189 inierit
1125 4143 1153 4190 ut
1168 4139 1245 4189 cernis
1261 4138 1365 4206 pretium

118 4268 121 4272 .
194 4225 255 4274 retro
272 4223 354 4282 abiret,
371 4223 426 4274 vide
442 4239 515 4290 cupre
530 4239 583 4291 pag.
602 4225 641 4275 59.
