<?xml version="1.0" encoding="UTF-8"?>
<!DOCTYPE html PUBLIC "-//W3C//DTD XHTML 1.0 Transitional//EN"
    "http://www.w3.org/TR/xhtml1/DTD/xhtml1-transitional.dtd">
<html xmlns="http://www.w3.org/1999/xhtml" xml:lang="en" lang="en">
 <head>
  <title>
</title>
<meta http-equiv="Content-Type" content="text/html;charset=utf-8" />
  <meta name='ocr-system' content='tesseract 3.04.00' />
  <meta name='ocr-capabilities' content='ocr_page ocr_carea ocr_par ocr_line ocrx_word'/>
</head>
<body>
  <div class='ocr_page' id='page_1' title='image "./depauperumcuraa00essegoog_0297.png"; bbox 0 0 3296 5008; ppageno 0'>
   <div class='ocr_carea' id='block_1_1' title="bbox 731 493 794 558">
    <p class='ocr_par' dir='ltr' id='par_1_1' title="bbox 731 493 794 558">
     <span class='ocr_line' id='line_1_1' title="bbox 731 493 794 558; baseline 0 0"><span class='ocrx_word' id='word_1_1' title='bbox 731 493 794 558; x_wconf 82' lang='lat'>281</span> 
     </span>
    </p>
   </div>
   <div class='ocr_carea' id='block_1_2' title="bbox 176 669 1368 3018">
    <p class='ocr_par' dir='ltr' id='par_1_2' title="bbox 176 669 1368 3018">
     <span class='ocr_line' id='line_1_2' title="bbox 181 669 1351 758; baseline 0.002 -22"><span class='ocrx_word' id='word_1_2' title='bbox 181 671 230 737; x_wconf 93' lang='lat' dir='ltr'>Ib.</span> <span class='ocrx_word' id='word_1_3' title='bbox 266 671 353 758; x_wconf 87' lang='lat'>113),</span> <span class='ocrx_word' id='word_1_4' title='bbox 378 671 433 739; x_wconf 82' lang='lat' dir='ltr'>vel</span> <span class='ocrx_word' id='word_1_5' title='bbox 457 669 524 736; x_wconf 87' lang='lat' dir='ltr'>alio</span> <span class='ocrx_word' id='word_1_6' title='bbox 549 669 717 736; x_wconf 91' lang='lat' dir='ltr'>vocabulo</span> <span class='ocrx_word' id='word_1_7' title='bbox 740 671 917 736; x_wconf 88' lang='lat' dir='ltr'>interiecto</span> <span class='ocrx_word' id='word_1_8' title='bbox 930 671 965 735; x_wconf 90' lang='lat' dir='ltr'>in</span> <span class='ocrx_word' id='word_1_9' title='bbox 983 670 1099 750; x_wconf 85' lang='lat' dir='ltr'>„exsul</span> <span class='ocrx_word' id='word_1_10' title='bbox 1112 670 1214 736; x_wconf 90' lang='lat' dir='ltr'>orbus</span> <span class='ocrx_word' id='word_1_11' title='bbox 1227 671 1351 756; x_wconf 86' lang='lat' dir='ltr'>egens’&#39;</span> 
     </span>
     <span class='ocr_line' id='line_1_3' title="bbox 180 783 1351 871; baseline 0.002 -22"><span class='ocrx_word' id='word_1_12' title='bbox 180 783 261 867; x_wconf 78' lang='lat' dir='ltr'>(eie.</span> <span class='ocrx_word' id='word_1_13' title='bbox 297 785 348 851; x_wconf 91' lang='lat' dir='ltr'>De</span> <span class='ocrx_word' id='word_1_14' title='bbox 382 785 459 850; x_wconf 88' lang='lat' dir='ltr'>Fin.</span> <span class='ocrx_word' id='word_1_15' title='bbox 483 784 526 862; x_wconf 91' lang='lat' dir='ltr'>V,</span> <span class='ocrx_word' id='word_1_16' title='bbox 551 784 604 864; x_wconf 84' lang='grc'>28,</span> <span class='ocrx_word' id='word_1_17' title='bbox 629 785 696 870; x_wconf 87' lang='grc'>84),</span> <span class='ocrx_word' id='word_1_18' title='bbox 724 783 824 862; x_wconf 87' lang='lat' dir='ltr'>,exul</span> <span class='ocrx_word' id='word_1_19' title='bbox 848 783 959 870; x_wconf 89' lang='lat' dir='ltr'>patria</span> <span class='ocrx_word' id='word_1_20' title='bbox 982 784 1094 864; x_wconf 86' lang='lat' dir='ltr'>dome,</span> <span class='ocrx_word' id='word_1_21' title='bbox 1119 783 1210 849; x_wconf 90' lang='lat' dir='ltr'>solus</span> <span class='ocrx_word' id='word_1_22' title='bbox 1248 791 1351 871; x_wconf 90' lang='lat' dir='ltr'>atque</span> 
     </span>
     <span class='ocr_line' id='line_1_4' title="bbox 180 896 1351 984; baseline 0.004 -24"><span class='ocrx_word' id='word_1_23' title='bbox 180 897 337 962; x_wconf 90' lang='lat' dir='ltr'>omnium</span> <span class='ocrx_word' id='word_1_24' title='bbox 368 898 588 964; x_wconf 90' lang='lat' dir='ltr'>honestarum</span> <span class='ocrx_word' id='word_1_25' title='bbox 614 918 730 963; x_wconf 91' lang='lat' dir='ltr'>rerum</span> <span class='ocrx_word' id='word_1_26' title='bbox 753 896 877 981; x_wconf 85' lang='lat' dir='ltr'>egens&#39;&#39;</span> <span class='ocrx_word' id='word_1_27' title='bbox 902 896 995 974; x_wconf 80' lang='lat' dir='ltr'>(Sall.</span> <span class='ocrx_word' id='word_1_28' title='bbox 1018 896 1092 982; x_wconf 87' lang='lat' dir='ltr'>lug.</span> <span class='ocrx_word' id='word_1_29' title='bbox 1119 898 1170 978; x_wconf 87' lang='grc'>14,</span> <span class='ocrx_word' id='word_1_30' title='bbox 1197 897 1261 984; x_wconf 88' lang='grc'><strong>17),</strong></span> <span class='ocrx_word' id='word_1_31' title='bbox 1287 903 1351 965; x_wconf 89' lang='lat' dir='ltr'>etc.</span> 
     </span>
     <span class='ocr_line' id='line_1_5' title="bbox 180 1009 1350 1104; baseline 0.001 -30"><span class='ocrx_word' id='word_1_32' title='bbox 180 1009 224 1075; x_wconf 89' lang='lat' dir='ltr'>H.</span> <span class='ocrx_word' id='word_1_33' title='bbox 257 1009 289 1077; x_wconf 85' lang='lat' dir='ltr'>J.</span> <span class='ocrx_word' id='word_1_34' title='bbox 326 1010 462 1090; x_wconf 89' lang='lat' dir='ltr'>Miiller,</span> <span class='ocrx_word' id='word_1_35' title='bbox 491 1011 567 1104; x_wconf 66' lang='lat' dir='ltr'>¹qui</span> <span class='ocrx_word' id='word_1_36' title='bbox 601 1017 677 1096; x_wconf 89' lang='lat' dir='ltr'>post</span> <span class='ocrx_word' id='word_1_37' title='bbox 710 1017 857 1076; x_wconf 89' lang='lat' dir='ltr'>mortem</span> <span class='ocrx_word' id='word_1_38' title='bbox 881 1011 945 1077; x_wconf 89' lang='lat' dir='ltr'>viri</span> <span class='ocrx_word' id='word_1_39' title='bbox 971 1010 1157 1076; x_wconf 80' lang='lat' dir='ltr'>doctissimi</span> <span class='ocrx_word' id='word_1_40' title='bbox 1181 1011 1350 1077; x_wconf 91' lang='lat' dir='ltr'>Weissen-</span> 
     </span>
     <span class='ocr_line' id='line_1_6' title="bbox 179 1121 1350 1209; baseline 0.003 -23"><span class='ocrx_word' id='word_1_41' title='bbox 179 1121 274 1204; x_wconf 88' lang='lat' dir='ltr'>born,</span> <span class='ocrx_word' id='word_1_42' title='bbox 315 1124 419 1190; x_wconf 89' lang='lat' dir='ltr'>huius</span> <span class='ocrx_word' id='word_1_43' title='bbox 457 1123 641 1188; x_wconf 90' lang='lat' dir='ltr'>Livianam</span> <span class='ocrx_word' id='word_1_44' title='bbox 675 1123 862 1189; x_wconf 80' lang='lat' dir='ltr'>editionem</span> <span class='ocrx_word' id='word_1_45' title='bbox 897 1123 1031 1209; x_wconf 88' lang='lat' dir='ltr'>saepius</span> <span class='ocrx_word' id='word_1_46' title='bbox 1068 1124 1276 1207; x_wconf 84' lang='lat' dir='ltr'>recognovit,</span> <span class='ocrx_word' id='word_1_47' title='bbox 1313 1125 1350 1189; x_wconf 91' lang='lat' dir='ltr'>in</span> 
     </span>
     <span class='ocr_line' id='line_1_7' title="bbox 177 1235 1349 1322; baseline 0.005 -24"><span class='ocrx_word' id='word_1_48' title='bbox 177 1235 382 1321; x_wconf 88' lang='lat' dir='ltr'>explicando</span> <span class='ocrx_word' id='word_1_49' title='bbox 419 1237 493 1302; x_wconf 92' lang='lat' dir='ltr'>loco</span> <span class='ocrx_word' id='word_1_50' title='bbox 527 1235 667 1302; x_wconf 89' lang='lat' dir='ltr'>laudato</span> <span class='ocrx_word' id='word_1_51' title='bbox 704 1258 815 1322; x_wconf 82' lang='lat' dir='ltr'>nuper</span> <span class='ocrx_word' id='word_1_52' title='bbox 848 1236 1097 1321; x_wconf 87' lang='lat' dir='ltr'>Landgrafium</span> <span class='ocrx_word' id='word_1_53' title='bbox 1131 1242 1266 1303; x_wconf 88' lang='lat' dir='ltr'>secutus</span> <span class='ocrx_word' id='word_1_54' title='bbox 1289 1243 1349 1305; x_wconf 89' lang='lat' dir='ltr'>est.</span> 
     </span>
     <span class='ocr_line' id='line_1_8' title="bbox 177 1347 1368 1436; baseline 0.002 -23"><span class='ocrx_word' id='word_1_55' title='bbox 177 1347 299 1416; x_wconf 89' lang='lat' dir='ltr'>Nescio</span> <span class='ocrx_word' id='word_1_56' title='bbox 331 1372 377 1416; x_wconf 90' lang='lat' dir='ltr'>an</span> <span class='ocrx_word' id='word_1_57' title='bbox 390 1371 592 1436; x_wconf 81' lang='lat' dir='ltr'>perperam.</span> <span class='ocrx_word' id='word_1_58' title='bbox 639 1351 856 1434; x_wconf 82' lang='lat' dir='ltr'>Argumenta</span> <span class='ocrx_word' id='word_1_59' title='bbox 878 1350 982 1415; x_wconf 91' lang='lat' dir='ltr'>huius</span> <span class='ocrx_word' id='word_1_60' title='bbox 1004 1350 1049 1415; x_wconf 93' lang='lat' dir='ltr'>ad</span> <span class='ocrx_word' id='word_1_61' title='bbox 1071 1350 1349 1435; x_wconf 88' lang='lat' dir='ltr'>persuadendum</span> <span class='ocrx_word' id='word_1_62' title='bbox 1367 1385 1368 1388; x_wconf 34' lang='lat'>¹</span> 
     </span>
     <span class='ocr_line' id='line_1_9' title="bbox 177 1462 1349 1550; baseline 0.003 -24"><span class='ocrx_word' id='word_1_63' title='bbox 177 1483 301 1546; x_wconf 89' lang='lat' dir='ltr'>parum</span> <span class='ocrx_word' id='word_1_64' title='bbox 327 1462 439 1528; x_wconf 89' lang='lat' dir='ltr'>valere</span> <span class='ocrx_word' id='word_1_65' title='bbox 464 1463 548 1528; x_wconf 89' lang='lat' dir='ltr'>rnihi</span> <span class='ocrx_word' id='word_1_66' title='bbox 573 1462 745 1529; x_wconf 83' lang='lat' dir='ltr'>videntur.</span> <span class='ocrx_word' id='word_1_67' title='bbox 793 1463 934 1528; x_wconf 80' lang='lat' dir='ltr'>Accedit</span> <span class='ocrx_word' id='word_1_68' title='bbox 958 1462 1050 1548; x_wconf 89' lang='lat' dir='ltr'>quod</span> <span class='ocrx_word' id='word_1_69' title='bbox 1078 1484 1250 1550; x_wconf 83' lang='lat' dir='ltr'>nusquam</span> <span class='ocrx_word' id='word_1_70' title='bbox 1266 1463 1349 1530; x_wconf 90' lang='lat' dir='ltr'>alibi</span> 
     </span>
     <span class='ocr_line' id='line_1_10' title="bbox 177 1576 1346 1662; baseline 0.003 -23"><span class='ocrx_word' id='word_1_71' title='bbox 177 1582 236 1640; x_wconf 90' lang='lat' dir='ltr'>aut</span> <span class='ocrx_word' id='word_1_72' title='bbox 258 1599 349 1661; x_wconf 73' lang='lat' dir='ltr'>cyeno</span> <span class='ocrx_word' id='word_1_73' title='bbox 372 1583 432 1642; x_wconf 91' lang='lat' dir='ltr'>aut</span> <span class='ocrx_word' id='word_1_74' title='bbox 445 1577 579 1642; x_wconf 76' lang='lat' dir='ltr'>extorris</span> <span class='ocrx_word' id='word_1_75' title='bbox 591 1598 673 1641; x_wconf 91' lang='lat' dir='ltr'>cum</span> <span class='ocrx_word' id='word_1_76' title='bbox 685 1576 936 1662; x_wconf 86' lang='lat' dir='ltr'>praepositione</span> <span class='ocrx_word' id='word_1_77' title='bbox 949 1598 984 1642; x_wconf 78' lang='lat' dir='ltr'>cu</span> <span class='ocrx_word' id='word_1_78' title='bbox 995 1577 1218 1642; x_wconf 91' lang='lat' dir='ltr'>coniunctum</span> <span class='ocrx_word' id='word_1_79' title='bbox 1230 1599 1346 1642; x_wconf 85' lang='lat' dir='ltr'>occur-</span> 
     </span>
     <span class='ocr_line' id='line_1_11' title="bbox 176 1688 1350 1776; baseline 0.004 -25"><span class='ocrx_word' id='word_1_80' title='bbox 176 1709 247 1754; x_wconf 88' lang='lat' dir='ltr'>rere</span> <span class='ocrx_word' id='word_1_81' title='bbox 284 1689 432 1756; x_wconf 88' lang='lat' dir='ltr'>videtur.</span> <span class='ocrx_word' id='word_1_82' title='bbox 479 1688 587 1775; x_wconf 84' lang='lat' dir='ltr'>Saepe</span> <span class='ocrx_word' id='word_1_83' title='bbox 611 1691 743 1755; x_wconf 68' lang='lat' dir='ltr'>calonia</span> <span class='ocrx_word' id='word_1_84' title='bbox 765 1688 858 1776; x_wconf 93' lang='lat' dir='ltr'>apud</span> <span class='ocrx_word' id='word_1_85' title='bbox 881 1689 1022 1756; x_wconf 91' lang='lat' dir='ltr'>Livium</span> <span class='ocrx_word' id='word_1_86' title='bbox 1048 1690 1234 1771; x_wconf 90' lang='lat' dir='ltr'>invenitur,</span> <span class='ocrx_word' id='word_1_87' title='bbox 1264 1713 1350 1756; x_wconf 89' lang='lat' dir='ltr'>sem·</span> 
     </span>
     <span class='ocr_line' id='line_1_12' title="bbox 177 1801 1349 1890; baseline 0.004 -25"><span class='ocrx_word' id='word_1_88' title='bbox 177 1821 237 1884; x_wconf 89' lang='lat' dir='ltr'>per</span> <span class='ocrx_word' id='word_1_89' title='bbox 260 1823 343 1869; x_wconf 91' lang='lat' dir='ltr'>vero</span> <span class='ocrx_word' id='word_1_90' title='bbox 366 1809 426 1868; x_wconf 89' lang='lat' dir='ltr'>aut</span> <span class='ocrx_word' id='word_1_91' title='bbox 449 1824 529 1868; x_wconf 87' lang='lat' dir='ltr'>cum</span> <span class='ocrx_word' id='word_1_92' title='bbox 551 1801 622 1868; x_wconf 88' lang='lat' dir='ltr'>solo</span> <span class='ocrx_word' id='word_1_93' title='bbox 646 1801 795 1868; x_wconf 87' lang='lat' dir='ltr'>ablativo</span> <span class='ocrx_word' id='word_1_94' title='bbox 820 1809 879 1868; x_wconf 91' lang='lat' dir='ltr'>aut</span> <span class='ocrx_word' id='word_1_95' title='bbox 902 1802 1055 1869; x_wconf 89' lang='lat' dir='ltr'>absolute</span> <span class='ocrx_word' id='word_1_96' title='bbox 1072 1803 1232 1890; x_wconf 88' lang='lat' dir='ltr'>positum.</span> <span class='ocrx_word' id='word_1_97' title='bbox 1257 1805 1349 1882; x_wconf 69' lang='lat' dir='ltr'>Quid</span> 
     </span>
     <span class='ocr_line' id='line_1_13' title="bbox 178 1914 1348 2002; baseline 0.004 -24"><span class='ocrx_word' id='word_1_98' title='bbox 178 1914 316 1981; x_wconf 85' lang='lat' dir='ltr'>multa?</span> <span class='ocrx_word' id='word_1_99' title='bbox 360 1915 540 2000; x_wconf 88' lang='lat' dir='ltr'>Landgraf</span> <span class='ocrx_word' id='word_1_100' title='bbox 560 1915 714 1981; x_wconf 86' lang='lat' dir='ltr'>conferre</span> <span class='ocrx_word' id='word_1_101' title='bbox 734 1914 831 1981; x_wconf 89' lang='lat' dir='ltr'>iubet</span> <span class='ocrx_word' id='word_1_102' title='bbox 853 1915 1009 1996; x_wconf 85' lang='lat' dir='ltr'>verbum,</span> <span class='ocrx_word' id='word_1_103' title='bbox 1035 1916 1127 2002; x_wconf 93' lang='lat' dir='ltr'>quod</span> <span class='ocrx_word' id='word_1_104' title='bbox 1150 1925 1200 1982; x_wconf 86' lang='lat' dir='ltr'>est</span> <span class='ocrx_word' id='word_1_105' title='bbox 1222 1939 1348 2001; x_wconf 65' lang='lat' dir='ltr'>egerem,</span> 
     </span>
     <span class='ocr_line' id='line_1_14' title="bbox 177 2028 1348 2116; baseline 0.003 -25"><span class='ocrx_word' id='word_1_106' title='bbox 177 2028 270 2112; x_wconf 92' lang='lat' dir='ltr'>quod</span> <span class='ocrx_word' id='word_1_107' title='bbox 305 2029 471 2115; x_wconf 91' lang='lat' dir='ltr'>scriptum</span> <span class='ocrx_word' id='word_1_108' title='bbox 494 2028 578 2094; x_wconf 88' lang='lat' dir='ltr'>dicit</span> <span class='ocrx_word' id='word_1_109' title='bbox 600 2049 661 2115; x_wconf 91' lang='lat' dir='ltr'>pro</span> <span class='ocrx_word' id='word_1_110' title='bbox 685 2051 830 2113; x_wconf 69' lang='lat' dir='ltr'>caperem.</span> <span class='ocrx_word' id='word_1_111' title='bbox 877 2029 955 2107; x_wconf 75' lang='lat' dir='ltr'>Qua</span> <span class='ocrx_word' id='word_1_112' title='bbox 978 2029 1020 2094; x_wconf 90' lang='lat' dir='ltr'>de</span> <span class='ocrx_word' id='word_1_113' title='bbox 1044 2051 1079 2094; x_wconf 92' lang='lat' dir='ltr'>re</span> <span class='ocrx_word' id='word_1_114' title='bbox 1105 2030 1284 2116; x_wconf 88' lang='lat' dir='ltr'>quiscum</span> <span class='ocrx_word' id='word_1_115' title='bbox 1309 2052 1348 2096; x_wconf 89' lang='lat' dir='ltr'>eo</span> 
     </span>
     <span class='ocr_line' id='line_1_15' title="bbox 176 2141 1350 2229; baseline 0.006 -26"><span class='ocrx_word' id='word_1_116' title='bbox 176 2141 389 2208; x_wconf 83' lang='lat' dir='ltr'>contendat?</span> <span class='ocrx_word' id='word_1_117' title='bbox 434 2143 481 2208; x_wconf 89' lang='lat' dir='ltr'>At</span> <span class='ocrx_word' id='word_1_118' title='bbox 515 2142 640 2226; x_wconf 84' lang='lat' dir='ltr'>fugisse</span> <span class='ocrx_word' id='word_1_119' title='bbox 678 2163 757 2208; x_wconf 89' lang='lat' dir='ltr'>cum</span> <span class='ocrx_word' id='word_1_120' title='bbox 788 2142 933 2221; x_wconf 86' lang='lat' dir='ltr'>videtur,</span> <span class='ocrx_word' id='word_1_121' title='bbox 959 2141 1168 2229; x_wconf 90' lang='lat' dir='ltr'>ubicumque</span> <span class='ocrx_word' id='word_1_122' title='bbox 1192 2165 1207 2208; x_wconf 82' lang='lat' dir='ltr'>e</span> <span class='ocrx_word' id='word_1_123' title='bbox 1230 2165 1291 2228; x_wconf 90' lang='lat' dir='ltr'>pro</span> <span class='ocrx_word' id='word_1_124' title='bbox 1315 2167 1350 2210; x_wconf 78' lang='lat' dir='ltr'>en</span> 
     </span>
     <span class='ocr_line' id='line_1_16' title="bbox 177 2253 1348 2343; baseline 0.003 -25"><span class='ocrx_word' id='word_1_125' title='bbox 177 2253 343 2341; x_wconf 87' lang='lat' dir='ltr'>scriptum</span> <span class='ocrx_word' id='word_1_126' title='bbox 378 2255 430 2336; x_wconf 90' lang='lat' dir='ltr'>sit,</span> <span class='ocrx_word' id='word_1_127' title='bbox 466 2255 531 2321; x_wconf 90' lang='lat' dir='ltr'>hoe</span> <span class='ocrx_word' id='word_1_128' title='bbox 566 2277 581 2320; x_wconf 86' lang='lat' dir='ltr'>c</span> <span class='ocrx_word' id='word_1_129' title='bbox 614 2255 758 2340; x_wconf 88' lang='lat' dir='ltr'>longum</span> <span class='ocrx_word' id='word_1_130' title='bbox 793 2276 873 2334; x_wconf 89' lang='lat' dir='ltr'>esse,</span> <span class='ocrx_word' id='word_1_131' title='bbox 909 2255 945 2319; x_wconf 93' lang='lat' dir='ltr'>in</span> <span class='ocrx_word' id='word_1_132' title='bbox 968 2276 1057 2339; x_wconf 66' lang='lat' dir='ltr'>egena</span> <span class='ocrx_word' id='word_1_133' title='bbox 1080 2276 1160 2320; x_wconf 88' lang='lat' dir='ltr'>vero</span> <span class='ocrx_word' id='word_1_134' title='bbox 1185 2255 1298 2322; x_wconf 88' lang='lat' dir='ltr'>breve.</span> <span class='ocrx_word' id='word_1_135' title='bbox 1323 2256 1348 2343; x_wconf 86' lang='lat'>¹)</span> 
     </span>
     <span class='ocr_line' id='line_1_17' title="bbox 177 2363 1350 2455; baseline 0.006 -27"><span class='ocrx_word' id='word_1_136' title='bbox 177 2363 357 2434; x_wconf 89' lang='lat' dir='ltr'>Praeterea</span> <span class='ocrx_word' id='word_1_137' title='bbox 391 2367 479 2433; x_wconf 92' lang='lat' dir='ltr'>nihil</span> <span class='ocrx_word' id='word_1_138' title='bbox 516 2367 670 2455; x_wconf 87' lang='lat' dir='ltr'>impedit,</span> <span class='ocrx_word' id='word_1_139' title='bbox 707 2367 892 2453; x_wconf 89' lang='lat' dir='ltr'>quominus</span> <span class='ocrx_word' id='word_1_140' title='bbox 925 2368 962 2432; x_wconf 89' lang='lat' dir='ltr'>in</span> <span class='ocrx_word' id='word_1_141' title='bbox 995 2367 1070 2434; x_wconf 91' lang='lat' dir='ltr'>loco</span> <span class='ocrx_word' id='word_1_142' title='bbox 1100 2367 1238 2435; x_wconf 89' lang='lat' dir='ltr'>laudato</span> <span class='ocrx_word' id='word_1_143' title='bbox 1258 2370 1350 2436; x_wconf 85' lang='lat' dir='ltr'>Livii</span> 
     </span>
     <span class='ocr_line' id='line_1_18' title="bbox 178 2479 1350 2570; baseline 0.006 -28"><span class='ocrx_word' id='word_1_144' title='bbox 178 2479 283 2546; x_wconf 91' lang='lat' dir='ltr'>verba</span> <span class='ocrx_word' id='word_1_145' title='bbox 321 2503 383 2560; x_wconf 83' lang='lat' dir='ltr'>,ex</span> <span class='ocrx_word' id='word_1_146' title='bbox 418 2487 513 2546; x_wconf 90' lang='lat' dir='ltr'>tanto</span> <span class='ocrx_word' id='word_1_147' title='bbox 548 2481 650 2547; x_wconf 88' lang='lat' dir='ltr'>modo</span> <span class='ocrx_word' id='word_1_148' title='bbox 674 2481 799 2565; x_wconf 76' lang='lat' dir='ltr'>regno&#39;&#39;</span> <span class='ocrx_word' id='word_1_149' title='bbox 824 2481 1090 2567; x_wconf 88' lang='lat' dir='ltr'>interpretemur</span> <span class='ocrx_word' id='word_1_150' title='bbox 1116 2482 1250 2561; x_wconf 88' lang='lat' dir='ltr'>„statim</span> <span class='ocrx_word' id='word_1_151' title='bbox 1274 2490 1350 2570; x_wconf 90' lang='lat' dir='ltr'>post</span> 
     </span>
     <span class='ocr_line' id='line_1_19' title="bbox 178 2594 1350 2680; baseline 0.008 -27"><span class='ocrx_word' id='word_1_152' title='bbox 178 2595 314 2659; x_wconf 88' lang='lat' dir='ltr'>tantum</span> <span class='ocrx_word' id='word_1_153' title='bbox 348 2595 526 2678; x_wconf 89' lang='lat' dir='ltr'>regnum.&#39;&#39;</span> <span class='ocrx_word' id='word_1_154' title='bbox 574 2594 674 2672; x_wconf 80' lang='lat' dir='ltr'>Quod</span> <span class='ocrx_word' id='word_1_155' title='bbox 698 2595 792 2660; x_wconf 90' lang='lat' dir='ltr'>enirn</span> <span class='ocrx_word' id='word_1_156' title='bbox 815 2594 993 2679; x_wconf 84' lang='lat' dir='ltr'>Landgraf</span> <span class='ocrx_word' id='word_1_157' title='bbox 1013 2594 1104 2674; x_wconf 90' lang='lat' dir='ltr'>dicit,</span> <span class='ocrx_word' id='word_1_158' title='bbox 1129 2596 1245 2680; x_wconf 87' lang='lat' dir='ltr'>regern</span> <span class='ocrx_word' id='word_1_159' title='bbox 1268 2598 1350 2662; x_wconf 74' lang='lat' dir='ltr'>&#39;Par-</span> 
     </span>
     <span class='ocr_line' id='line_1_20' title="bbox 178 2705 1347 2796; baseline 0.006 -27"><span class='ocrx_word' id='word_1_160' title='bbox 178 2705 338 2790; x_wconf 90' lang='lat' dir='ltr'>quinium</span> <span class='ocrx_word' id='word_1_161' title='bbox 375 2707 467 2786; x_wconf 91' lang='lat' dir='ltr'>„sine</span> <span class='ocrx_word' id='word_1_162' title='bbox 502 2708 612 2772; x_wconf 90' lang='lat' dir='ltr'>terra&#39;&#39;</span> <span class='ocrx_word' id='word_1_163' title='bbox 648 2708 761 2786; x_wconf 87' lang='lat' dir='ltr'>fuisse,</span> <span class='ocrx_word' id='word_1_164' title='bbox 797 2728 867 2772; x_wconf 92' lang='lat' dir='ltr'>non</span> <span class='ocrx_word' id='word_1_165' title='bbox 904 2707 996 2786; x_wconf 90' lang='lat' dir='ltr'>,sine</span> <span class='ocrx_word' id='word_1_166' title='bbox 1024 2708 1202 2795; x_wconf 87' lang='lat' dir='ltr'>pecunia,”</span> <span class='ocrx_word' id='word_1_167' title='bbox 1224 2731 1347 2796; x_wconf 90' lang='lat' dir='ltr'>parum</span> 
     </span>
     <span class='ocr_line' id='line_1_21' title="bbox 178 2816 1347 2906; baseline 0.006 -24"><span class='ocrx_word' id='word_1_168' title='bbox 178 2816 244 2884; x_wconf 92' lang='lat' dir='ltr'>huc</span> <span class='ocrx_word' id='word_1_169' title='bbox 268 2819 360 2900; x_wconf 90' lang='lat' dir='ltr'>facit,</span> <span class='ocrx_word' id='word_1_170' title='bbox 385 2821 468 2906; x_wconf 92' lang='lat' dir='ltr'>quia</span> <span class='ocrx_word' id='word_1_171' title='bbox 491 2827 674 2905; x_wconf 68' lang='lat' dir='ltr'>coartatam</span> <span class='ocrx_word' id='word_1_172' title='bbox 697 2820 764 2886; x_wconf 90' lang='lat' dir='ltr'>late</span> <span class='ocrx_word' id='word_1_173' title='bbox 788 2826 891 2906; x_wconf 89' lang='lat' dir='ltr'>patet,</span> <span class='ocrx_word' id='word_1_174' title='bbox 916 2826 955 2885; x_wconf 92' lang='lat' dir='ltr'>ut</span> <span class='ocrx_word' id='word_1_175' title='bbox 966 2820 1144 2886; x_wconf 89' lang='lat' dir='ltr'>hominem</span> <span class='ocrx_word' id='word_1_176' title='bbox 1157 2821 1347 2906; x_wconf 87' lang='lat' dir='ltr'>significare</span> 
     </span>
     <span class='ocr_line' id='line_1_22' title="bbox 177 2932 1196 3018; baseline 0.001 -21"><span class='ocrx_word' id='word_1_177' title='bbox 177 2934 291 3014; x_wconf 87' lang='lat' dir='ltr'>possit,</span> <span class='ocrx_word' id='word_1_178' title='bbox 316 2934 413 2999; x_wconf 89' lang='lat' dir='ltr'>cuius</span> <span class='ocrx_word' id='word_1_179' title='bbox 436 2955 489 2999; x_wconf 88' lang='lat' dir='ltr'>res</span> <span class='ocrx_word' id='word_1_180' title='bbox 511 2934 547 2997; x_wconf 90' lang='lat' dir='ltr'>in</span> <span class='ocrx_word' id='word_1_181' title='bbox 572 2934 706 3018; x_wconf 92' lang='lat' dir='ltr'>magnis</span> <span class='ocrx_word' id='word_1_182' title='bbox 730 2932 988 2999; x_wconf 86' lang='lat' dir='ltr'>difficultatibus</span> <span class='ocrx_word' id='word_1_183' title='bbox 1008 2941 1196 3000; x_wconf 88' lang='lat' dir='ltr'>versentur.</span> 
     </span>
    </p>
   </div>
   <div class='ocr_carea' id='block_1_3' title="bbox 219 3158 1349 3247">
    <p class='ocr_par' dir='ltr' id='par_1_3' title="bbox 219 3158 1349 3247">
     <span class='ocr_line' id='line_1_23' title="bbox 219 3158 1349 3247; baseline 0.002 -23"><span class='ocrx_word' id='word_1_184' title='bbox 219 3159 388 3239; x_wconf 76' lang='lat' dir='ltr'>Quotiens</span> <span class='ocrx_word' id='word_1_185' title='bbox 411 3158 629 3244; x_wconf 88' lang='lat' dir='ltr'>distinguunt</span> <span class='ocrx_word' id='word_1_186' title='bbox 653 3161 767 3225; x_wconf 87' lang='lat' dir='ltr'>Latini</span> <span class='ocrx_word' id='word_1_187' title='bbox 779 3160 959 3247; x_wconf 86' lang='lat' dir='ltr'>scriptores</span> <span class='ocrx_word' id='word_1_188' title='bbox 970 3161 1060 3225; x_wconf 91' lang='lat' dir='ltr'>inter</span> <span class='ocrx_word' id='word_1_189' title='bbox 1066 3182 1191 3246; x_wconf 83' lang='lat' dir='ltr'>pauper</span> <span class='ocrx_word' id='word_1_190' title='bbox 1202 3162 1349 3247; x_wconf 79' lang='lat' dir='ltr'>(pauper-</span> 
     </span>
    </p>
   </div>
   <div class='ocr_carea' id='block_1_4' title="bbox 178 3314 372 3328">
    <p class='ocr_par' dir='ltr' id='par_1_4' title="bbox 178 3314 372 3328">
     <span class='ocr_line' id='line_1_24' title="bbox 178 3314 372 3328; baseline 0.01 -2"><span class='ocrx_word' id='word_1_191' title='bbox 178 3314 372 3328; x_wconf 36' lang='grc' dir='ltr'>ᾗ.-</span> 
     </span>
    </p>
   </div>
   <div class='ocr_carea' id='block_1_5' title="bbox 161 3385 1349 4278">
    <p class='ocr_par' dir='ltr' id='par_1_5' title="bbox 161 3385 1349 4278">
     <span class='ocr_line' id='line_1_25' title="bbox 211 3385 1349 3452; baseline 0.002 -18"><span class='ocrx_word' id='word_1_192' title='bbox 211 3385 228 3446; x_wconf 88' lang='grc'>1)</span> <span class='ocrx_word' id='word_1_193' title='bbox 263 3386 288 3433; x_wconf 83' lang='grc' dir='ltr'><em>Ε</em></span> <span class='ocrx_word' id='word_1_194' title='bbox 310 3386 414 3434; x_wconf 85' lang='lat' dir='ltr'>litteram</span> <span class='ocrx_word' id='word_1_195' title='bbox 443 3387 468 3434; x_wconf 90' lang='lat' dir='ltr'>in</span> <span class='ocrx_word' id='word_1_196' title='bbox 494 3401 563 3449; x_wconf 71' lang='lat' dir='ltr'>apem</span> <span class='ocrx_word' id='word_1_197' title='bbox 582 3387 673 3434; x_wconf 87' lang='lat' dir='ltr'>brevem</span> <span class='ocrx_word' id='word_1_198' title='bbox 691 3403 740 3434; x_wconf 81' lang='lat' dir='ltr'>esse</span> <span class='ocrx_word' id='word_1_199' title='bbox 758 3387 813 3434; x_wconf 84' lang='lat' dir='ltr'>satis</span> <span class='ocrx_word' id='word_1_200' title='bbox 830 3391 928 3444; x_wconf 68' lang='lat' dir='ltr'>constat,</span> <span class='ocrx_word' id='word_1_201' title='bbox 946 3389 1018 3452; x_wconf 88' lang='lat' dir='ltr'>idque</span> <span class='ocrx_word' id='word_1_202' title='bbox 1036 3387 1073 3436; x_wconf 87' lang='lat' dir='ltr'>vel</span> <span class='ocrx_word' id='word_1_203' title='bbox 1091 3388 1121 3436; x_wconf 90' lang='lat' dir='ltr'>iis</span> <span class='ocrx_word' id='word_1_204' title='bbox 1138 3388 1203 3444; x_wconf 82' lang='lat' dir='ltr'>locis,</span> <span class='ocrx_word' id='word_1_205' title='bbox 1222 3387 1262 3436; x_wconf 92' lang='lat' dir='ltr'>ubi</span> <span class='ocrx_word' id='word_1_206' title='bbox 1280 3404 1349 3451; x_wconf 68' lang='lat' dir='ltr'>epona</span> 
     </span>
     <span class='ocr_line' id='line_1_26' title="bbox 175 3468 1348 3534; baseline 0.007 -22"><span class='ocrx_word' id='word_1_207' title='bbox 175 3481 229 3516; x_wconf 87' lang='lat' dir='ltr'>cum</span> <span class='ocrx_word' id='word_1_208' title='bbox 257 3468 330 3516; x_wconf 84' lang='lat' dir='ltr'>altero</span> <span class='ocrx_word' id='word_1_209' title='bbox 357 3469 469 3518; x_wconf 85' lang='lat' dir='ltr'>vocabulo</span> <span class='ocrx_word' id='word_1_210' title='bbox 496 3469 650 3517; x_wconf 87' lang='lat' dir='ltr'>coniunctum</span> <span class='ocrx_word' id='word_1_211' title='bbox 673 3475 708 3517; x_wconf 86' lang='lat' dir='ltr'>ast</span> <span class='ocrx_word' id='word_1_212' title='bbox 724 3470 786 3517; x_wconf 87' lang='lat' dir='ltr'>idern</span> <span class='ocrx_word' id='word_1_213' title='bbox 805 3469 842 3517; x_wconf 85' lang='lat' dir='ltr'>vel</span> <span class='ocrx_word' id='word_1_214' title='bbox 860 3472 907 3518; x_wconf 89' lang='lat' dir='ltr'>fere</span> <span class='ocrx_word' id='word_1_215' title='bbox 924 3471 987 3519; x_wconf 89' lang='lat' dir='ltr'>idem</span> <span class='ocrx_word' id='word_1_216' title='bbox 1004 3471 1136 3519; x_wconf 85' lang='lat' dir='ltr'>declarante</span> <span class='ocrx_word' id='word_1_217' title='bbox 1153 3475 1223 3534; x_wconf 89' lang='lat' dir='ltr'>atque</span> <span class='ocrx_word' id='word_1_218' title='bbox 1240 3471 1348 3520; x_wconf 58' lang='lat' dir='ltr'>aeterra.</span> 
     </span>
     <span class='ocr_line' id='line_1_27' title="bbox 176 3547 1347 3616; baseline 0.006 -22"><span class='ocrx_word' id='word_1_219' title='bbox 176 3547 196 3594; x_wconf 81' lang='lat' dir='ltr'>ll</span> <span class='ocrx_word' id='word_1_220' title='bbox 221 3552 297 3616; x_wconf 84' lang='lat' dir='ltr'>poetis</span> <span class='ocrx_word' id='word_1_221' title='bbox 323 3556 434 3615; x_wconf 87' lang='lat' dir='ltr'>quattuor</span> <span class='ocrx_word' id='word_1_222' title='bbox 459 3552 575 3600; x_wconf 85' lang='lat' dir='ltr'>eiusmodi</span> <span class='ocrx_word' id='word_1_223' title='bbox 601 3551 664 3600; x_wconf 87' lang='lat' dir='ltr'>locos</span> <span class='ocrx_word' id='word_1_224' title='bbox 690 3553 757 3600; x_wconf 81' lang='lat' dir='ltr'>affert</span> <span class='ocrx_word' id='word_1_225' title='bbox 782 3553 906 3614; x_wconf 82' lang='lat' dir='ltr'>Landgraf,</span> <span class='ocrx_word' id='word_1_226' title='bbox 932 3554 991 3601; x_wconf 82' lang='lat' dir='ltr'>duos</span> <span class='ocrx_word' id='word_1_227' title='bbox 1009 3571 1021 3601; x_wconf 87' lang='lat' dir='ltr'>a</span> <span class='ocrx_word' id='word_1_228' title='bbox 1038 3553 1142 3616; x_wconf 88' lang='lat' dir='ltr'>Vergilio</span> <span class='ocrx_word' id='word_1_229' title='bbox 1159 3555 1226 3613; x_wconf 76' lang='lat' dir='ltr'>(Aen.</span> <span class='ocrx_word' id='word_1_230' title='bbox 1244 3553 1264 3611; x_wconf 91' lang='lat' dir='ltr'>I,</span> <span class='ocrx_word' id='word_1_231' title='bbox 1283 3553 1347 3602; x_wconf 79' lang='lat'><strong>384:</strong></span> 
     </span>
     <span class='ocr_line' id='line_1_28' title="bbox 161 3631 1347 3700; baseline 0.002 -20"><span class='ocrx_word' id='word_1_232' title='bbox 161 3631 246 3694; x_wconf 60' lang='lat' dir='ltr'>,Ipse</span> <span class='ocrx_word' id='word_1_233' title='bbox 264 3634 359 3697; x_wconf 82' lang='lat' dir='ltr'>ignotus</span> <span class='ocrx_word' id='word_1_234' title='bbox 376 3651 445 3696; x_wconf 82' lang='lat' dir='ltr'>egeus</span> <span class='ocrx_word' id='word_1_235' title='bbox 462 3635 550 3698; x_wconf 84' lang='lat' dir='ltr'>Libyae</span> <span class='ocrx_word' id='word_1_236' title='bbox 567 3635 657 3682; x_wconf 86' lang='lat' dir='ltr'>deserta</span> <span class='ocrx_word' id='word_1_237' title='bbox 675 3635 795 3698; x_wconf 85' lang='lat' dir='ltr'>peragro.&#39;&#39;</span> <span class='ocrx_word' id='word_1_238' title='bbox 814 3662 845 3670; x_wconf 94' lang='lat'>—-</span> <span class='ocrx_word' id='word_1_239' title='bbox 863 3641 886 3683; x_wconf 89' lang='lat' dir='ltr'>et</span> <span class='ocrx_word' id='word_1_240' title='bbox 902 3636 961 3692; x_wconf 91' lang='lat' dir='ltr'>IIII,</span> <span class='ocrx_word' id='word_1_241' title='bbox 980 3637 1027 3688; x_wconf 80' lang='lat'>373</span> <span class='ocrx_word' id='word_1_242' title='bbox 1046 3652 1109 3698; x_wconf 86' lang='lat' dir='ltr'>seq.:</span> <span class='ocrx_word' id='word_1_243' title='bbox 1129 3636 1253 3700; x_wconf 76' lang='lat' dir='ltr'>„Eiectum</span> <span class='ocrx_word' id='word_1_244' title='bbox 1266 3635 1347 3694; x_wconf 85' lang='lat' dir='ltr'>litore,</span> 
     </span>
     <span class='ocr_line' id='line_1_29' title="bbox 175 3716 1347 3782; baseline 0.004 -21"><span class='ocrx_word' id='word_1_245' title='bbox 175 3724 281 3776; x_wconf 82' lang='lat' dir='ltr'>egentem</span> <span class='ocrx_word' id='word_1_246' title='bbox 300 3716 429 3779; x_wconf 82' lang='lat' dir='ltr'>Excepi.&#39;&#39;),</span> <span class='ocrx_word' id='word_1_247' title='bbox 447 3717 475 3764; x_wconf 88' lang='lat' dir='ltr'>dc</span> <span class='ocrx_word' id='word_1_248' title='bbox 493 3717 579 3780; x_wconf 85' lang='lat' dir='ltr'>quibus</span> <span class='ocrx_word' id='word_1_249' title='bbox 598 3716 666 3764; x_wconf 90' lang='lat' dir='ltr'>nullo</span> <span class='ocrx_word' id='word_1_250' title='bbox 684 3717 752 3764; x_wconf 89' lang='lat' dir='ltr'>modo</span> <span class='ocrx_word' id='word_1_251' title='bbox 770 3717 873 3766; x_wconf 86' lang='lat' dir='ltr'>dubitari</span> <span class='ocrx_word' id='word_1_252' title='bbox 891 3719 973 3782; x_wconf 87' lang='lat' dir='ltr'>possit.</span> <span class='ocrx_word' id='word_1_253' title='bbox 1008 3719 1070 3766; x_wconf 73' lang='lat' dir='ltr'>&#39;l&#39;urn</span> <span class='ocrx_word' id='word_1_254' title='bbox 1088 3719 1141 3767; x_wconf 88' lang='lat' dir='ltr'>Seu.</span> <span class='ocrx_word' id='word_1_255' title='bbox 1161 3719 1223 3766; x_wconf 88' lang='lat' dir='ltr'>Med.</span> <span class='ocrx_word' id='word_1_256' title='bbox 1234 3718 1347 3781; x_wconf 80' lang='lat' dir='ltr'>20,seq.:</span> 
     </span>
     <span class='ocr_line' id='line_1_30' title="bbox 178 3797 1347 3864; baseline 0.003 -20"><span class='ocrx_word' id='word_1_257' title='bbox 178 3797 272 3858; x_wconf 69' lang='lat' dir='ltr'>,Vivat</span> <span class='ocrx_word' id='word_1_258' title='bbox 293 3815 335 3862; x_wconf 88' lang='lat' dir='ltr'>per</span> <span class='ocrx_word' id='word_1_259' title='bbox 361 3800 430 3846; x_wconf 85' lang='lat' dir='ltr'>urbes</span> <span class='ocrx_word' id='word_1_260' title='bbox 449 3805 510 3848; x_wconf 86' lang='lat' dir='ltr'>erret</span> <span class='ocrx_word' id='word_1_261' title='bbox 528 3800 620 3862; x_wconf 77' lang='lat' dir='ltr'>ignotas</span> <span class='ocrx_word' id='word_1_262' title='bbox 638 3816 715 3863; x_wconf 85' lang='lat' dir='ltr'>egeus,</span> <span class='ocrx_word' id='word_1_263' title='bbox 734 3799 803 3856; x_wconf 80' lang='lat' dir='ltr'>Exul,</span> <span class='ocrx_word' id='word_1_264' title='bbox 821 3816 916 3864; x_wconf 84' lang='lat' dir='ltr'>pavens,</span> <span class='ocrx_word' id='word_1_265' title='bbox 934 3801 1035 3858; x_wconf 84' lang='lat' dir='ltr'>invisus,</span> <span class='ocrx_word' id='word_1_266' title='bbox 1053 3801 1137 3848; x_wconf 86' lang='lat' dir='ltr'>incerti</span> <span class='ocrx_word' id='word_1_267' title='bbox 1156 3800 1237 3848; x_wconf 79' lang='lat' dir='ltr'>laria.”</span> <span class='ocrx_word' id='word_1_268' title='bbox 1256 3828 1287 3836; x_wconf 87' lang='lat'>-</span> <span class='ocrx_word' id='word_1_269' title='bbox 1305 3800 1347 3848; x_wconf 89' lang='lat' dir='ltr'>ubi</span> 
     </span>
     <span class='ocr_line' id='line_1_31' title="bbox 176 3883 1347 3946; baseline 0.002 -16"><span class='ocrx_word' id='word_1_270' title='bbox 176 3893 244 3938; x_wconf 73' lang='lat' dir='ltr'>eyena</span> <span class='ocrx_word' id='word_1_271' title='bbox 271 3886 306 3930; x_wconf 83' lang='lat' dir='ltr'>ast</span> <span class='ocrx_word' id='word_1_272' title='bbox 331 3888 462 3946; x_wconf 87' lang='lat' dir='ltr'>postremus</span> <span class='ocrx_word' id='word_1_273' title='bbox 488 3899 528 3946; x_wconf 87' lang='lat' dir='ltr'>pas</span> <span class='ocrx_word' id='word_1_274' title='bbox 556 3898 636 3930; x_wconf 84' lang='lat' dir='ltr'>versus</span> <span class='ocrx_word' id='word_1_275' title='bbox 662 3883 746 3930; x_wconf 88' lang='lat' dir='ltr'>senarii</span> <span class='ocrx_word' id='word_1_276' title='bbox 773 3883 885 3940; x_wconf 87' lang='lat' dir='ltr'>iambici;</span> <span class='ocrx_word' id='word_1_277' title='bbox 908 3883 933 3930; x_wconf 91' lang='lat' dir='ltr'>in</span> <span class='ocrx_word' id='word_1_278' title='bbox 953 3883 1039 3931; x_wconf 88' lang='lat' dir='ltr'>ultimo</span> <span class='ocrx_word' id='word_1_279' title='bbox 1056 3885 1113 3946; x_wconf 86' lang='lat' dir='ltr'>pede</span> <span class='ocrx_word' id='word_1_280' title='bbox 1130 3889 1207 3932; x_wconf 87' lang='lat' dir='ltr'>autem</span> <span class='ocrx_word' id='word_1_281' title='bbox 1226 3899 1347 3946; x_wconf 90' lang='lat' dir='ltr'>nunquam</span> 
     </span>
     <span class='ocr_line' id='line_1_32' title="bbox 176 3964 1347 4028; baseline 0.005 -20"><span class='ocrx_word' id='word_1_282' title='bbox 176 3965 305 4024; x_wconf 84' lang='lat' dir='ltr'>spondeum</span> <span class='ocrx_word' id='word_1_283' title='bbox 323 3981 365 4028; x_wconf 88' lang='lat' dir='ltr'>pro</span> <span class='ocrx_word' id='word_1_284' title='bbox 383 3965 460 4013; x_wconf 88' lang='lat' dir='ltr'>iambo</span> <span class='ocrx_word' id='word_1_285' title='bbox 478 3964 587 4013; x_wconf 88' lang='lat' dir='ltr'>collocari</span> <span class='ocrx_word' id='word_1_286' title='bbox 605 3965 661 4013; x_wconf 87' lang='lat' dir='ltr'>satis</span> <span class='ocrx_word' id='word_1_287' title='bbox 678 3970 731 4013; x_wconf 83' lang='lat' dir='ltr'>nota</span> <span class='ocrx_word' id='word_1_288' title='bbox 750 3965 787 4013; x_wconf 84' lang='lat' dir='ltr'>lex</span> <span class='ocrx_word' id='word_1_289' title='bbox 804 3969 847 4015; x_wconf 81' lang='lat' dir='ltr'>est.</span> <span class='ocrx_word' id='word_1_290' title='bbox 865 3966 911 4025; x_wconf 79' lang='lat' dir='ltr'>(cf.</span> <span class='ocrx_word' id='word_1_291' title='bbox 930 3966 1000 4028; x_wconf 86' lang='lat' dir='ltr'>Hugo</span> <span class='ocrx_word' id='word_1_292' title='bbox 1017 3966 1139 4014; x_wconf 83' lang='lat' dir='ltr'>Gleditsch</span> <span class='ocrx_word' id='word_1_293' title='bbox 1157 3967 1181 4014; x_wconf 89' lang='lat' dir='ltr'>in</span> <span class='ocrx_word' id='word_1_294' title='bbox 1201 3967 1242 4015; x_wconf 83' lang='lat' dir='ltr'>lw.</span> <span class='ocrx_word' id='word_1_295' title='bbox 1259 3982 1281 4015; x_wconf 88' lang='lat' dir='ltr'>v.</span> <span class='ocrx_word' id='word_1_296' title='bbox 1291 3965 1347 4015; x_wconf 87' lang='lat' dir='ltr'>M.&#39;s</span> 
     </span>
     <span class='ocr_line' id='line_1_33' title="bbox 178 4043 1347 4112; baseline 0.002 -18"><span class='ocrx_word' id='word_1_297' title='bbox 178 4043 271 4097; x_wconf 88' lang='lat' dir='ltr'>Handb.</span> <span class='ocrx_word' id='word_1_298' title='bbox 290 4048 328 4094; x_wconf 70' lang='grc' dir='ltr'>ΙΙ12</span> <span class='ocrx_word' id='word_1_299' title='bbox 343 4064 394 4111; x_wconf 83' lang='lat' dir='ltr'>pag.</span> <span class='ocrx_word' id='word_1_300' title='bbox 414 4048 479 4108; x_wconf 80' lang='lat'>825.)</span> <span class='ocrx_word' id='word_1_301' title='bbox 497 4049 576 4096; x_wconf 86' lang='lat' dir='ltr'>Restat</span> <span class='ocrx_word' id='word_1_302' title='bbox 593 4047 672 4096; x_wconf 86' lang='lat' dir='ltr'>Plaut.</span> <span class='ocrx_word' id='word_1_303' title='bbox 690 4049 751 4096; x_wconf 87' lang='lat' dir='ltr'>Rnd.</span> <span class='ocrx_word' id='word_1_304' title='bbox 770 4047 818 4095; x_wconf 83' lang='lat'>409</span> <span class='ocrx_word' id='word_1_305' title='bbox 831 4064 878 4111; x_wconf 85' lang='lat' dir='ltr'>seq.</span> <span class='ocrx_word' id='word_1_306' title='bbox 888 4051 929 4108; x_wconf 89' lang='lat'>(=</span> <span class='ocrx_word' id='word_1_307' title='bbox 939 4049 972 4106; x_wconf 93' lang='lat' dir='ltr'>ll,</span> <span class='ocrx_word' id='word_1_308' title='bbox 983 4049 1006 4106; x_wconf 82' lang='lat'>3,</span> <span class='ocrx_word' id='word_1_309' title='bbox 1016 4048 1046 4100; x_wconf 81' lang='lat'>78</span> <span class='ocrx_word' id='word_1_310' title='bbox 1056 4052 1113 4112; x_wconf 85' lang='lat' dir='ltr'>seq.)</span> <span class='ocrx_word' id='word_1_311' title='bbox 1124 4069 1129 4096; x_wconf 78' lang='lat' dir='ltr'>z</span> <span class='ocrx_word' id='word_1_312' title='bbox 1140 4047 1269 4112; x_wconf 66' lang='lat' dir='ltr'>„Timidis</span> <span class='ocrx_word' id='word_1_313' title='bbox 1278 4065 1347 4112; x_wconf 79' lang='lat' dir='ltr'>egan-</span> 
     </span>
     <span class='ocr_line' id='line_1_34' title="bbox 177 4128 1346 4195; baseline 0.007 -23"><span class='ocrx_word' id='word_1_314' title='bbox 177 4128 227 4186; x_wconf 86' lang='lat' dir='ltr'>tcis,</span> <span class='ocrx_word' id='word_1_315' title='bbox 244 4129 337 4186; x_wconf 77' lang='lat' dir='ltr'>uuidas,</span> <span class='ocrx_word' id='word_1_316' title='bbox 354 4129 445 4186; x_wconf 74' lang='lat' dir='ltr'>eiectas,</span> <span class='ocrx_word' id='word_1_317' title='bbox 462 4130 604 4180; x_wconf 74' lang='lat' dir='ltr'>exanimatas</span> <span class='ocrx_word' id='word_1_318' title='bbox 622 4129 718 4195; x_wconf 74' lang='lat' dir='ltr'>Accipit</span> <span class='ocrx_word' id='word_1_319' title='bbox 736 4131 765 4178; x_wconf 86' lang='lat' dir='ltr'>ad</span> <span class='ocrx_word' id='word_1_320' title='bbox 783 4130 856 4179; x_wconf 83' lang='lat' dir='ltr'>sese.&#39;&#39;</span> <span class='ocrx_word' id='word_1_321' title='bbox 874 4131 940 4194; x_wconf 72' lang='lat' dir='ltr'>qun</span> <span class='ocrx_word' id='word_1_322' title='bbox 959 4132 1002 4178; x_wconf 90' lang='lat' dir='ltr'>hoc</span> <span class='ocrx_word' id='word_1_323' title='bbox 1017 4131 1068 4178; x_wconf 84' lang='lat' dir='ltr'>loco</span> <span class='ocrx_word' id='word_1_324' title='bbox 1078 4132 1285 4195; x_wconf 86' lang='lat' dir='ltr'>estseounduspes</span> <span class='ocrx_word' id='word_1_325' title='bbox 1296 4147 1346 4180; x_wconf 89' lang='lat' dir='ltr'>ver·</span> 
     </span>
     <span class='ocr_line' id='line_1_35' title="bbox 177 4213 1346 4278; baseline 0.008 -22"><span class='ocrx_word' id='word_1_326' title='bbox 177 4223 216 4258; x_wconf 83' lang='lat' dir='ltr'>sus</span> <span class='ocrx_word' id='word_1_327' title='bbox 233 4213 356 4276; x_wconf 87' lang='lat' dir='ltr'>septenarii</span> <span class='ocrx_word' id='word_1_328' title='bbox 375 4213 479 4270; x_wconf 80' lang='lat' dir='ltr'>iambici,</span> <span class='ocrx_word' id='word_1_329' title='bbox 497 4213 538 4276; x_wconf 90' lang='lat' dir='ltr'>qui</span> <span class='ocrx_word' id='word_1_330' title='bbox 555 4229 607 4262; x_wconf 84' lang='lat' dir='ltr'>raro</span> <span class='ocrx_word' id='word_1_331' title='bbox 625 4213 684 4260; x_wconf 84' lang='lat' dir='ltr'>solet</span> <span class='ocrx_word' id='word_1_332' title='bbox 701 4229 749 4260; x_wconf 85' lang='lat' dir='ltr'>csse</span> <span class='ocrx_word' id='word_1_333' title='bbox 761 4213 885 4276; x_wconf 84' lang='lat' dir='ltr'>spondeus.</span> <span class='ocrx_word' id='word_1_334' title='bbox 895 4213 941 4274; x_wconf 87' lang='lat' dir='ltr'>(Cf.</span> <span class='ocrx_word' id='word_1_335' title='bbox 955 4215 1023 4275; x_wconf 77' lang='lat' dir='ltr'>[lugo</span> <span class='ocrx_word' id='word_1_336' title='bbox 1032 4213 1154 4262; x_wconf 88' lang='lat' dir='ltr'>Gleditsch</span> <span class='ocrx_word' id='word_1_337' title='bbox 1164 4214 1181 4262; x_wconf 93' lang='lat' dir='ltr'>l.</span> <span class='ocrx_word' id='word_1_338' title='bbox 1191 4214 1208 4262; x_wconf 88' lang='lat' dir='ltr'>l.</span> <span class='ocrx_word' id='word_1_339' title='bbox 1218 4231 1269 4278; x_wconf 80' lang='lat' dir='ltr'>pag.</span> <span class='ocrx_word' id='word_1_340' title='bbox 1280 4214 1346 4277; x_wconf 79' lang='lat'><strong>827.)</strong></span> 
     </span>
    </p>
   </div>
   <div class='ocr_carea' id='block_1_6' title="bbox 1216 4308 1257 4371">
    <p class='ocr_par' dir='ltr' id='par_1_6' title="bbox 1216 4308 1257 4371">
     <span class='ocr_line' id='line_1_36' title="bbox 1216 4308 1257 4371; baseline 0.024 -1"><span class='ocrx_word' id='word_1_341' title='bbox 1216 4308 1257 4371; x_wconf 89' lang='lat'>19</span> 
     </span>
    </p>
   </div>
   <div class='ocr_carea' id='block_1_7' title="bbox 0 0 1652 5008">
    <p class='ocr_par' dir='ltr' id='par_1_7' title="bbox 0 0 1652 5008">
     <span class='ocr_line' id='line_1_37' title="bbox 0 0 1652 5008; baseline 0 1"><span class='ocrx_word' id='word_1_342' title='bbox 0 0 1652 5008; x_wconf 95' lang='lat' dir='ltr'> </span> 
     </span>
    </p>
   </div>
  </div>
 </body>
</html>
