3296 5008
747 472 811 542 221

185 672 329 718 munere
367 651 577 720 educationis
614 652 861 740 experirentur,
897 657 1086 743 crescerent
1122 652 1163 720 de
1197 657 1257 720 tuo
1292 653 1353 740 qui

186 771 375 832 crescerent
412 766 484 850 tibi,
509 767 870 854 alimentisque
895 767 1356 855 tuisadstipendia

181 885 262 946 tua
286 901 403 966 perv
416 903 433 946 e
447 881 495 946 ni
507 903 524 946 r
538 903 555 947 e
569 888 627 960 nt,
653 887 857 968 tantumque
881 902 999 947 omnes
1024 881 1085 946 uni
1110 880 1171 946 tibi
1187 887 1357 968 quantum

179 993 380 1081 parentibus
402 995 471 1061 suis
494 995 637 1082 quisque
651 994 798 1060 deberet.
823 995 854 1060 R
867 1016 884 1060 e
898 1015 916 1060 c
928 999 942 1060 t
954 1016 980 1076 e,
1007 994 1033 1060 Ο
1046 1016 1066 1060 a
1083 1016 1101 1060 e
1116 1017 1131 1060 s
1144 1017 1163 1061 a
1176 1017 1202 1076 r,
1228 1017 1286 1082 qu
1300 1017 1319 1061 o
1332 995 1355 1060 d

179 1129 309 1194 spem
345 1109 546 1174 Romani
584 1108 804 1174 nominis
839 1105 1122 1195 sumptibus
1157 1109 1261 1174 tuis
1287 1109 1360 1174 su·'

179 1221 343 1308 scipis.
390 1221 536 1288 Nullum
559 1228 609 1288 est
631 1222 725 1288 enim
744 1243 869 1307 magno
883 1222 1037 1309 principe
1050 1221 1349 1288 inmortalitatem·

179 1356 247 1421 que
282 1335 445 1402 meriture
479 1335 635 1423 inpendii
657 1357 766 1420 genus
784 1335 922 1420 dignius
946 1356 1052 1422 quam
1076 1335 1166 1422 quod
1191 1342 1350 1421 erogatur

177 1448 214 1512 in
247 1454 406 1535 posteros.
453 1448 655 1537 Locupletes
678 1449 720 1515 ad
745 1447 912 1519 tollendos
934 1447 1057 1515 liberos
1079 1449 1233 1534 ingentia
1258 1471 1352 1537 prae·

178 1562 249 1628 mia
285 1569 318 1628 et
350 1585 448 1650 pares
482 1585 611 1650 poenae
646 1563 892 1643 adhortantur;
920 1561 1226 1650 pauperibus
1249 1563 1350 1630 edu·

177 1675 322 1742 candi
366 1698 459 1742 una
506 1677 635 1742 ratio
672 1682 744 1742 est
778 1675 1200 1764 bonusprinceps.
1258 1677 1353 1744 Hic

177 1789 361 1856 fiducia
395 1791 470 1856 sui
504 1796 797 1877 procreatos
833 1789 934 1855 nisi
964 1789 1352 1874 largamanufo-

177 1910 266 1984 vet,
306 1909 461 1989 auget,
497 1903 839 1994 amplectitur,
876 1924 1100 1970 occasum
1132 1903 1349 1990 imperii,

176 2039 401 2084 occasum
454 2018 525 2084 rei
570 2017 808 2104 publicae
855 2016 1115 2083 adcelerat
1156 2013 1349 2104 frustraque

175 2152 331 2218 proceres
365 2130 464 2219 plebe
493 2131 663 2216 neglecta,
701 2137 739 2196 ut
764 2131 936 2198 defectum
959 2152 1098 2218 corpore
1123 2136 1227 2217 caput
1250 2137 1350 2196 nuta·

176 2251 362 2332 turumque
407 2244 559 2310 instabili
593 2244 753 2331 pondere,
788 2250 903 2311 tuetur
928 2292 1134 2310 .......
1192 2243 1347 2331 Super

176 2359 337 2425 omnia
371 2365 443 2424 est
476 2365 637 2424 tamen
670 2358 796 2446 quod
831 2357 953 2424 talis
983 2357 1348 2425 esutsubteli·

177 2471 965 2559 berostollerelibeatexpediat.
1001 2471 1111 2538 Nemo
1134 2472 1347 2560 iamparens

176 2585 248 2651 filio
283 2585 348 2650 nisi
382 2585 576 2671 fragilitatis
600 2586 772 2651 humanae
793 2585 888 2674 vices
910 2585 1035 2667 horret,
1060 2588 1123 2651 n'ec
1146 2585 1236 2651 inter
1254 2586 1345 2651 insa-

177 2699 308 2765 nabiles
338 2699 474 2766 morbos
499 2699 661 2786 principis
683 2699 736 2764 ira
754 2705 966 2765 numeratur.
1012 2699 1179 2784 Magnum
1205 2698 1346 2787 quidem

176 2820 227 2879 est
261 2813 430 2880 educandi
453 2813 718 2879 incitamentum
741 2812 858 2880 tollere
882 2811 1006 2879 liberos
1027 2812 1064 2877 in
1085 2833 1182 2899 spem
1205 2812 1346 2880 alimen·

89 3001 95 3008 ,
176 2934 300 3009 torum,
324 2928 361 2992 in
385 2949 482 3014 spem
505 2927 757 3012 congiariorum
770 2949 778 3008 ;
804 2928 915 2992 maius
938 2933 1064 3008 tamen,
1088 2926 1126 2991 in
1137 2947 1234 3014 spem
1245 2925 1345 2992 liber·

176 3041 265 3122 tatis,
301 3041 337 3106 in
363 3063 458 3129 spem
483 3041 672 3108 securitatis
695 3089 905 3108 .......
951 3039 1059 3107 Paulo
1084 3041 1208 3122 minus,
1232 3046 1345 3127 patres

176 3155 369 3242 conscripti,
394 3155 547 3243 quinque
572 3155 668 3220 milia
690 3155 921 3240 ingenuorum
945 3156 1094 3236 suerunt,
1119 3175 1207 3241 quae
1224 3153 1345 3221 libera·

175 3268 253 3335 litas
297 3269 462 3357 principis
503 3270 609 3336 nostri
643 3269 859 3356 conquisivit,
888 3264 1037 3349 invenit,
1073 3267 1226 3335 adscivit.
1284 3269 1344 3334 Hi

176 3382 455 3449 subsidium
512 3382 767 3464 bellorum,
822 3387 1163 3448 ornamentum
1207 3382 1345 3468 pacis

175 3496 400 3584 publicis
444 3495 727 3583 sumptibus
772 3496 986 3578 aluntur,
1027 3495 1345 3583 patriamque

175 3633 268 3677 non
288 3617 337 3676 ut
375 3610 588 3703 patriam
623 3615 816 3676 tantum
850 3630 1017 3678 verum
1040 3607 1346 3675 utaltricem

175 3746 335 3790 amare
381 3723 690 3790 condiscunt.
748 3724 815 3789 Ex
860 3723 936 3789 his
973 3728 1146 3804 castra,
1183 3743 1235 3788 ex
1270 3720 1346 3786 his

175 3838 339 3905 tribus
374 3836 718 3924 replebuntur,
753 3859 797 3904 ex
831 3837 884 3903 his
919 3836 1126 3925 quandoque
1163 3840 1345 3901 nascentur

176 3951 301 4040 quibus
333 3951 505 4017 alimentis
528 3972 613 4038 opus
635 3973 706 4018 non
729 3952 782 4018 sit.
828 3951 920 4018 Dent
944 3949 1016 4032 tibi,
1041 3949 1173 4030 Caesar,
1197 3953 1344 4014 aetatem

176 4067 223 4131 dii
260 4086 365 4153 quam
399 4065 549 4146 mereris,
586 4071 790 4152 serventque
826 4065 983 4130 animum
1018 4077 1122 4150 quem
1154 4062 1343 4129 dederunt:

175 4187 209 4246 et
233 4185 362 4269 quanto
385 4179 551 4246 maiorem
574 4179 761 4245 infantium
784 4178 921 4245 turbam
943 4179 1070 4244 iterum
1092 4183 1195 4265 atque
1218 4177 1344 4243 iterum
