3274 4998
846 480 909 546 196

290 678 378 743 quae
400 656 465 744 ipsi
487 656 646 724 Caesares
669 657 785 724 fecisse
809 663 1001 725 narrantur.
1037 659 1088 726 De
1101 657 1259 744 Caligula
1273 659 1457 727 Suetonius

289 770 413 836 tradit:
438 770 587 857 ,Sparsit
609 776 643 837 et
666 771 806 837 missilia
831 771 1005 839 variarum
1029 794 1153 853 rerum,
1170 779 1204 839 et
1219 775 1361 860 panaria
1378 797 1460 841 eum

290 884 430 951 obsonio
443 884 573 951 viritim
585 884 731 951 divisit.''
743 884 768 970 ¹)
781 886 970 952 —Cassius
983 887 1048 952 Dio
1061 886 1102 952 de
1115 887 1267 953 Nerone:
1284 888 1458 971 ιώλοφύνον·

289 1023 325 1060 το
348 996 379 1060 δέ
402 1001 514 1070 πάντες
535 1006 559 1060 οἱ
581 1003 643 1059 νοῦν
666 998 787 1083 ἔχοντες
809 1002 857 1063 καί
884 1000 930 1062 ἐπί
953 1015 995 1086 τῷ
1011 975 1123 1074 πλὴἓνει
1140 1015 1198 1066 τῶν
1210 1003 1457 1080 ἀναλισκομένων.

290 1116 391 1174 πάντα
413 1109 468 1190 μέν
490 1112 552 1192 γὰρ
575 1112 615 1173 τὰ
638 1114 888 1175 πολυτελέστατα
907 1115 1088 1192 ὁίίίνθρωποι
1100 1114 1240 1195 ἐσθίουσι,
1254 1119 1354 1176 πάντα
1367 1114 1398 1177 δέ
1411 1118 1460 1180 καί

291 1225 331 1287 τὰ
365 1227 446 1287 ἄλλα
480 1225 521 1286 τὰ
543 1228 720 1307 τιμιώτατα,
745 1229 851 1299 ’ίππους
873 1229 1043 1305 ἀνδράποδα
1067 1231 1158 1308 ζεύγη
1183 1235 1302 1312 χρυσίον
1326 1224 1461 1307 ἀργύριον

291 1338 409 1409 ἐσθῆτα
431 1345 573 1420 ποικίλην,
591 1339 681 1402 ἐδίδου
692 1341 738 1401 διὰ
750 1338 923 1418 συμβόλων·
939 1347 1055 1424 σφαιρία
1066 1341 1128 1420 γὰρ
1140 1345 1240 1422 μικρά,
1254 1343 1458 1421 γεγραμμένα

290 1455 328 1524 ὡς
350 1453 464 1516 ἕκαστα
487 1452 582 1518 αύτὼν
606 1452 725 1536 έχοντα,
750 1453 779 1526 ἐς
803 1457 855 1518 τὸν
881 1455 983 1533 ὅμιλον
1005 1454 1139 1534 ἐρρίπτει,
1156 1457 1204 1518 καί
1220 1454 1330 1516 ἐδίδοτο
1347 1456 1361 1516 ‘o'
1373 1480 1402 1516 τι
1416 1481 1462 1527 τις

290 1565 325 1628 δι’
359 1565 470 1630 ἐκείνων
500 1567 665 1644 ἥρπασεν.”
691 1565 717 1652 ³)
740 1605 782 1616 —
806 1567 856 1633 De
880 1568 978 1634 Tito:
1007 1573 1140 1651 ,σφαιρία
1160 1569 1223 1646 γὰρ
1245 1571 1346 1650 ξύλινα
1368 1570 1461 1646 μικρὰ

290 1682 403 1740 ἄνωθεν
437 1679 466 1752 ἐς
493 1679 528 1741 τί
553 1680 681 1758 θέατρον
710 1680 845 1761 ἐρρίπτει,
869 1679 1027 1760 σύμβολον
1050 1681 1160 1765 ’έχοντα
1182 1681 1217 1742 τὸ
1241 1679 1297 1759 μέν
1322 1681 1461 1760 ἐδωδίμου

291 1792 367 1865 τινές
400 1793 435 1854 τὸ
469 1792 500 1855 δὲ
535 1793 665 1866 ἐσθῆτος
699 1793 734 1855 τὸ
767 1792 799 1856 δέ
825 1797 952 1874 ἀργυροῦ
974 1797 1103 1874 σκεύους,
1129 1796 1206 1856 ἄλλο
1229 1807 1340 1878 χρυσοῦ
1362 1797 1461 1857 ’ίππων
1515 1863 1517 1867 ,

291 1909 454 1988 ὑποζυγίων
487 1905 694 1986 βοσκημάτων
720 1909 918 1990 ἀνδραπόδων,
946 1911 1184 1986 οἳάρπιίισαντὰς
1207 1933 1288 1979 τινας
1310 1908 1365 1969 ἔδει
1387 1913 1462 1986 πρὸς

291 2020 359 2094 τοὺς
396 2023 521 2098 δοτῆρας
543 2022 638 2088 αὐτῶν
660 2024 833 2102 ἀπενεγκεῖν
856 2025 903 2086 καί
927 2021 1031 2096 λαβεῖν
1054 2019 1090 2084 τὸ
1114 2021 1407 2101 ἐπιγεγραμμένον.”
1433 2021 1460 2107 3)

292 2134 474 2200 Suetonius
508 2135 549 2200 de
580 2136 798 2202 Domitiano:
827 2137 979 2223 „Dieque
1004 2126 1242 2222 proximo'(so.
1267 2134 1459 2220 Septimon-

292 2247 365 2313 tiali
398 2269 492 2314 saero
518 2250 650 2315 senatui
674 2251 849 2338 equitique
870 2249 1028 2336 panariis,
1053 2248 1165 2335 plebei
1188 2247 1355 2334 sportellis
1379 2269 1460 2312 oum

293 2361 432 2427 obsonio
456 2361 656 2449 distributis)
681 2364 706 2449 ⁴)
728 2385 829 2428 omne
849 2385 957 2447 genus
979 2384 1095 2428 rerum
1119 2360 1258 2426 missilia
1273 2361 1405 2447 sparsit,
1425 2366 1459 2427 et

294 2475 375 2563 quia
398 2496 476 2560 pars
499 2475 608 2541 maior
630 2476 719 2550 intra
744 2476 922 2563 popularia
946 2477 971 2562 ⁶)
995 2475 1176 2551 deciderat,
1199 2474 1461 2562 quinquagenas

205 2607 206 2610 ’
293 2595 433 2655 tesseras
469 2589 508 2654 in
540 2589 691 2674 singulos
725 2611 850 2656 euneos
885 2589 1049 2677 equestris
1084 2611 1122 2655 ao
1146 2587 1307 2654 senatorii
1330 2587 1461 2654 ordinis

328 2770 348 2832 1)
382 2771 438 2820 Suet
454 2770 506 2820 Cal.
523 2771 562 2818 18.
580 2770 615 2818 De
623 2771 703 2820 eadem
713 2771 834 2834 Caligulae
843 2771 963 2835 sparsione
970 2771 1065 2834 Joseph.
1075 2771 1139 2830 XIX,
1150 2771 1180 2819 13
1190 2763 1286 2832 <93>
1295 2771 1348 2832 (ild.
1358 2770 1445 2830 Naber)
1455 2788 1461 2816 :

296 2862 430 2932 ,πολλῆς
463 2853 489 2915 δ’
525 2855 641 2931 ὀπώρας
675 2855 866 2938 ἐπιχεομένης
900 2867 960 2926 τοῖς
990 2857 1120 2934 θεὼροις,
1146 2857 1194 2918 καί
1216 2862 1337 2916 πολλῶν
1361 2854 1462 2930 ὀρνέων

295 2963 390 3021 ὁπόσα
413 2969 456 3038 τῷ
478 2967 592 3038 σπανίῳ
612 2966 695 3038 τίμια
718 2973 779 3032 τοῖς
802 2960 993 3038 κτωμένοις.”

327 3066 346 3122 ²⁵)
380 3065 426 3112 Dio
444 3064 508 3113 Cass.
526 3065 587 3123 LXI,
607 3065 645 3121 18,
666 3065 678 3112 l
698 3081 744 3128 seq.
780 3066 906 3114 Suetonius
923 3066 994 3126 (Nero
1014 3065 1054 3125 ll)
1071 3065 1095 3112 in
1115 3065 1178 3113 hune
1196 3065 1292 3113 modum
1308 3079 1358 3112 rem
1368 3066 1462 3111 narrat:

295 3149 395 3212 „Sparsa
419 3151 443 3196 et
468 3147 555 3212 populo
581 3147 683 3196 missilia
705 3148 813 3196 omnium
840 3164 918 3196 rerum
936 3165 978 3212 per
994 3164 1075 3196 omnes
1092 3147 1175 3196 dies'’:
1193 3176 1225 3184 —
1243 3147 1355 3196 ludorum
1374 3145 1465 3194 scilieet

295 3237 352 3295 „p'ro
369 3231 503 3280 aeternitate
519 3231 614 3296 imperii
632 3231 842 3295 suscepto(rum)’':
861 3247 917 3279 nam
934 3231 963 3278 de
980 3231 1009 3279 iis
1027 3231 1071 3279 hoo
1088 3231 1139 3279 loeo
1156 3231 1204 3294 agit
1221 3231 1387 3279 Suetonius—
1398 3229 1463 3293 „sin-

293 3313 349 3378 gula
375 3314 461 3362 ootidie
486 3313 554 3362 milia
584 3314 664 3362 arium
682 3315 797 3378 cuiusque
814 3315 913 3378 generis,
931 3313 1057 3378 multiplex
1075 3330 1157 3378 penus,
1174 3318 1272 3362 tesserae
1289 3312 1463 3370 frumentariae,

295 3397 373 3453 vestis,
399 3412 491 3453 aurum,
517 3401 649 3460 argentum,
675 3413 787 3460 gemmae,
814 3397 960 3460 margaritae,
986 3396 1078 3445 tabulae
1104 3397 1186 3462 plotae,
1206 3395 1333 3460 mancipia,
1350 3395 1464 3453 iumenta,

294 3483 363 3542 atque
388 3479 458 3527 etiam
475 3483 609 3528 nunsuetae
626 3481 694 3537 ferae,
713 3481 841 3528 novissime
859 3496 937 3537 naves,
956 3479 1058 3538 insulae,
1074 3479 1148 3542 agri.”
1184 3479 1249 3544 Quae
1266 3478 1305 3528 hio
1323 3493 1463 3526 commemo-

295 3564 377 3610 rantur
401 3565 497 3610 tesserae
519 3563 686 3610 frumentariae
703 3566 764 3610 eerie
781 3579 829 3610 non
847 3563 939 3611 faciunt
955 3579 1010 3611 eum
1027 3563 1058 3610 iis
1076 3563 1117 3626 qui
1136 3590 1167 3598 -
1190 3566 1217 3611 ut
1237 3560 1381 3619 Hirschfeld,
1400 3559 1464 3608 Mar·

295 3645 386 3708 quardt,
403 3645 546 3693 Rostovtsew
563 3672 595 3680 -
612 3645 654 3693 has
671 3649 768 3694 tesseras
785 3645 857 3694 semel
875 3651 968 3695 tantum
985 3646 1010 3694 in
1025 3661 1118 3694 omnem
1137 3645 1209 3694 vitam
1221 3645 1285 3693 datas
1295 3644 1465 3693 fuissetenent.

295 3727 341 3788 (Cf.
367 3744 434 3792 pagg.
461 3728 508 3780 137
535 3729 588 3776 adn.
615 3729 638 3786 1,
666 3728 712 3780 lot
736 3745 791 3776 eum
808 3729 862 3776 adu.
881 3731 914 3788 6.)
948 3728 1027 3792 Quare
1044 3728 1084 3776 illi
1101 3728 1145 3776 hoo
1161 3727 1213 3776 loeo
1230 3729 1258 3776 de
1275 3725 1465 3775 extraordinariis

295 3811 388 3859 tesseris
413 3811 522 3874 cogitant.
556 3810 603 3872 (Cf.
630 3810 736 3860 Hirschf.
761 3811 787 3859 in
806 3811 894 3860 Philol.
913 3811 929 3859 l.
948 3811 965 3859 l.
983 3827 1034 3874 pag.
1055 3811 1085 3858 18
1103 3827 1156 3858 eum
1174 3811 1227 3858 adn.
1246 3810 1294 3866 23;
1313 3810 1466 3864 Rostovtsew,

295 3878 370 3941 iltude
402 3909 442 3941 sur
468 3894 502 3942 les
527 3893 621 3958 plomba
648 3894 764 3957 antiques,
790 3895 816 3941 in
843 3895 921 3943 Revue
948 3894 1132 3957 nurnismatique
1160 3893 1233 3950 1898,
1260 3909 1312 3956 pag.
1340 3893 1387 3940 263
1408 3893 1466 3955 seq.)

297 3976 407 4039 Quaesitis
424 3993 479 4024 sane
496 3977 603 4025 enodatio
620 3977 764 4040 minimeque
782 3978 925 4025 necessaria!

330 4057 350 4119 ³)
384 4059 430 4106 Dio
447 4059 510 4108 Cass.
528 4059 612 4118 LXVI,
630 4059 669 4116 25,
689 4061 711 4108 5.

331 4140 351 4201 ⁴)
384 4140 443 4190 Vide
460 4158 512 4205 pag.
531 4141 587 4191 191.

333 4223 352 4284 ί)
385 4239 416 4274 se.
434 4223 554 4273 subsellia.
