<?xml version="1.0" encoding="UTF-8"?>
<!DOCTYPE html PUBLIC "-//W3C//DTD XHTML 1.0 Transitional//EN"
    "http://www.w3.org/TR/xhtml1/DTD/xhtml1-transitional.dtd">
<html xmlns="http://www.w3.org/1999/xhtml" xml:lang="en" lang="en">
 <head>
  <title>
</title>
<meta http-equiv="Content-Type" content="text/html;charset=utf-8" />
  <meta name='ocr-system' content='tesseract 3.04.00' />
  <meta name='ocr-capabilities' content='ocr_page ocr_carea ocr_par ocr_line ocrx_word'/>
</head>
<body>
  <div class='ocr_page' id='page_1' title='image "./depauperumcuraa00essegoog_0134.png"; bbox 0 0 3274 4998; ppageno 0'>
   <div class='ocr_carea' id='block_1_1' title="bbox 858 467 922 530">
    <p class='ocr_par' dir='ltr' id='par_1_1' title="bbox 858 467 922 530">
     <span class='ocr_line' id='line_1_1' title="bbox 858 467 922 530; baseline 0 0"><span class='ocrx_word' id='word_1_1' title='bbox 858 467 922 530; x_wconf 87' lang='grc'><strong>116</strong></span> 
     </span>
    </p>
   </div>
   <div class='ocr_carea' id='block_1_2' title="bbox 298 642 1475 1411">
    <p class='ocr_par' dir='ltr' id='par_1_2' title="bbox 301 642 1366 844">
     <span class='ocr_line' id='line_1_2' title="bbox 301 642 1272 732; baseline -0.001 -21"><span class='ocrx_word' id='word_1_2' title='bbox 301 666 361 711; x_wconf 87' lang='lat' dir='ltr'><strong>cae</strong></span> <span class='ocrx_word' id='word_1_3' title='bbox 384 644 591 732; x_wconf 76' lang='lat' dir='ltr'>probandae,</span> <span class='ocrx_word' id='word_1_4' title='bbox 617 664 706 732; x_wconf 86' lang='lat' dir='ltr'><strong>quae</strong></span> <span class='ocrx_word' id='word_1_5' title='bbox 730 643 906 708; x_wconf 76' lang='lat' dir='ltr'><strong>ministrae</strong></span> <span class='ocrx_word' id='word_1_6' title='bbox 930 648 1011 709; x_wconf 87' lang='lat' dir='ltr'><strong>sunt</strong></span> <span class='ocrx_word' id='word_1_7' title='bbox 1033 642 1272 730; x_wconf 84' lang='lat' dir='ltr'><strong>voluptatum:</strong></span> 
     </span>
     <span class='ocr_line' id='line_1_3' title="bbox 344 756 1366 844; baseline -0.001 -21"><span class='ocrx_word' id='word_1_8' title='bbox 344 757 523 838; x_wconf 77' lang='lat' dir='ltr'><strong>(letarii,</strong></span> <span class='ocrx_word' id='word_1_9' title='bbox 548 757 674 837; x_wconf 84' lang='lat' dir='ltr'><strong>lanii,</strong></span> <span class='ocrx_word' id='word_1_10' title='bbox 701 757 846 844; x_wconf 88' lang='lat' dir='ltr'><strong>coqui,</strong></span> <span class='ocrx_word' id='word_1_11' title='bbox 874 756 1077 838; x_wconf 80' lang='lat' dir='ltr'><strong>fartores,</strong></span> <span class='ocrx_word' id='word_1_12' title='bbox 1102 757 1366 844; x_wconf 77' lang='lat' dir='ltr'><strong>piscatores,</strong></span> 
     </span>
    </p>

    <p class='ocr_par' dir='ltr' id='par_1_3' title="bbox 299 869 1475 957">
     <span class='ocr_line' id='line_1_4' title="bbox 299 869 1475 957; baseline 0.001 -22"><span class='ocrx_word' id='word_1_13' title='bbox 299 877 339 936; x_wconf 91' lang='lat' dir='ltr'><strong>ut</strong></span> <span class='ocrx_word' id='word_1_14' title='bbox 361 871 409 936; x_wconf 90' lang='lat' dir='ltr'><strong>ait</strong></span> <span class='ocrx_word' id='word_1_15' title='bbox 430 871 611 937; x_wconf 81' lang='lat' dir='ltr'><strong>Terentius</strong></span> <span class='ocrx_word' id='word_1_16' title='bbox 616 894 623 951; x_wconf 94' lang='lat'>;</span> <span class='ocrx_word' id='word_1_17' title='bbox 649 870 736 936; x_wconf 91' lang='lat' dir='ltr'><strong>adde</strong></span> <span class='ocrx_word' id='word_1_18' title='bbox 762 870 840 950; x_wconf 88' lang='lat' dir='ltr'><strong>huc,</strong></span> <span class='ocrx_word' id='word_1_19' title='bbox 853 870 881 935; x_wconf 91' lang='lat' dir='ltr'><strong>si</strong></span> <span class='ocrx_word' id='word_1_20' title='bbox 893 869 1015 957; x_wconf 87' lang='lat' dir='ltr'><strong>placet,</strong></span> <span class='ocrx_word' id='word_1_21' title='bbox 1028 871 1285 955; x_wconf 88' lang='lat' dir='ltr'><strong>unguentarios,</strong></span> <span class='ocrx_word' id='word_1_22' title='bbox 1298 871 1475 936; x_wconf 79' lang='lat' dir='ltr'><strong>saltatores</strong></span> 
     </span>
    </p>

    <p class='ocr_par' dir='ltr' id='par_1_4' title="bbox 299 983 1474 1071">
     <span class='ocr_line' id='line_1_5' title="bbox 299 983 1474 1071; baseline -0.001 -21"><span class='ocrx_word' id='word_1_23' title='bbox 299 990 479 1071; x_wconf 90' lang='lat' dir='ltr'><strong>totumque</strong></span> <span class='ocrx_word' id='word_1_24' title='bbox 498 984 621 1050; x_wconf 89' lang='lat' dir='ltr'><strong>ludum</strong></span> <span class='ocrx_word' id='word_1_25' title='bbox 639 983 810 1049; x_wconf 87' lang='lat' dir='ltr'><strong>talarium.</strong></span> <span class='ocrx_word' id='word_1_26' title='bbox 834 983 968 1062; x_wconf 80' lang='lat' dir='ltr'><strong>Quibus</strong></span> <span class='ocrx_word' id='word_1_27' title='bbox 981 991 1098 1049; x_wconf 86' lang='lat' dir='ltr'><strong>autem</strong></span> <span class='ocrx_word' id='word_1_28' title='bbox 1111 984 1241 1049; x_wconf 92' lang='lat' dir='ltr'><strong>artibus</strong></span> <span class='ocrx_word' id='word_1_29' title='bbox 1254 991 1315 1050; x_wconf 88' lang='lat' dir='ltr'><strong>aut</strong></span> <span class='ocrx_word' id='word_1_30' title='bbox 1326 985 1474 1071; x_wconf 89' lang='lat' dir='ltr'><strong>pruden-</strong></span> 
     </span>
    </p>

    <p class='ocr_par' dir='ltr' id='par_1_5' title="bbox 299 1096 1474 1184">
     <span class='ocr_line' id='line_1_6' title="bbox 299 1096 1474 1184; baseline 0 -22"><span class='ocrx_word' id='word_1_31' title='bbox 299 1097 347 1162; x_wconf 89' lang='lat' dir='ltr'><strong>tia</strong></span> <span class='ocrx_word' id='word_1_32' title='bbox 369 1099 479 1164; x_wconf 91' lang='lat' dir='ltr'><strong>maior</strong></span> <span class='ocrx_word' id='word_1_33' title='bbox 489 1098 578 1164; x_wconf 85' lang='lat' dir='ltr'><strong>inest</strong></span> <span class='ocrx_word' id='word_1_34' title='bbox 589 1104 731 1163; x_wconf 91' lang='lat' dir='ltr'><strong>autnon</strong></span> <span class='ocrx_word' id='word_1_35' title='bbox 743 1096 924 1162; x_wconf 88' lang='lat' dir='ltr'><strong>mediocris</strong></span> <span class='ocrx_word' id='word_1_36' title='bbox 936 1097 1067 1162; x_wconf 85' lang='lat' dir='ltr'><strong>utilitas</strong></span> <span class='ocrx_word' id='word_1_37' title='bbox 1084 1099 1272 1184; x_wconf 89' lang='lat' dir='ltr'><strong>quaeritur,</strong></span> <span class='ocrx_word' id='word_1_38' title='bbox 1284 1105 1323 1163; x_wconf 93' lang='lat' dir='ltr'><strong>ut</strong></span> <span class='ocrx_word' id='word_1_39' title='bbox 1335 1098 1474 1164; x_wconf 90' lang='lat' dir='ltr'><strong>medici-</strong></span> 
     </span>
    </p>

    <p class='ocr_par' dir='ltr' id='par_1_6' title="bbox 298 1203 1472 1292">
     <span class='ocr_line' id='line_1_7' title="bbox 298 1203 1472 1292; baseline 0.001 -17"><span class='ocrx_word' id='word_1_40' title='bbox 298 1232 354 1292; x_wconf 89' lang='lat' dir='ltr'><strong>na,</strong></span> <span class='ocrx_word' id='word_1_41' title='bbox 367 1217 406 1277; x_wconf 92' lang='lat' dir='ltr'><strong>ut</strong></span> <span class='ocrx_word' id='word_1_42' title='bbox 416 1211 653 1291; x_wconf 87' lang='lat' dir='ltr'><strong>architectura,</strong></span> <span class='ocrx_word' id='word_1_43' title='bbox 666 1217 705 1276; x_wconf 87' lang='lat' dir='ltr'><strong>ut</strong></span> <span class='ocrx_word' id='word_1_44' title='bbox 717 1210 872 1276; x_wconf 92' lang='lat' dir='ltr'><strong>doctrina</strong></span> <span class='ocrx_word' id='word_1_45' title='bbox 883 1232 1000 1276; x_wconf 92' lang='lat' dir='ltr'><strong>rerum</strong></span> <span class='ocrx_word' id='word_1_46' title='bbox 1012 1211 1247 1291; x_wconf 87' lang='lat' dir='ltr'><strong>honestarum,</strong></span> <span class='ocrx_word' id='word_1_47' title='bbox 1261 1203 1320 1276; x_wconf 87' lang='lat' dir='ltr'><strong>cae</strong></span> <span class='ocrx_word' id='word_1_48' title='bbox 1331 1211 1410 1276; x_wconf 79' lang='lat' dir='ltr'><strong>s&#39;unt</strong></span> <span class='ocrx_word' id='word_1_49' title='bbox 1421 1211 1472 1291; x_wconf 90' lang='lat' dir='ltr'><strong>iis,</strong></span> 
     </span>
    </p>

    <p class='ocr_par' dir='ltr' id='par_1_7' title="bbox 299 1323 1473 1411">
     <span class='ocr_line' id='line_1_8' title="bbox 299 1323 1473 1411; baseline 0.001 -23"><span class='ocrx_word' id='word_1_50' title='bbox 299 1345 447 1411; x_wconf 91' lang='lat' dir='ltr'><strong>quorum</strong></span> <span class='ocrx_word' id='word_1_51' title='bbox 460 1325 573 1390; x_wconf 93' lang='lat' dir='ltr'><strong>ordini</strong></span> <span class='ocrx_word' id='word_1_52' title='bbox 584 1324 805 1404; x_wconf 90' lang='lat' dir='ltr'><strong>conveniunt,</strong></span> <span class='ocrx_word' id='word_1_53' title='bbox 818 1325 990 1390; x_wconf 88' lang='lat' dir='ltr'><strong>honestae.</strong></span> <span class='ocrx_word' id='word_1_54' title='bbox 1014 1323 1250 1390; x_wconf 79' lang='lat' dir='ltr'><strong>Mercatura</strong></span> <span class='ocrx_word' id='word_1_55' title='bbox 1272 1331 1416 1405; x_wconf 92' lang='lat' dir='ltr'><strong>autem,</strong></span> <span class='ocrx_word' id='word_1_56' title='bbox 1441 1325 1473 1389; x_wconf 93' lang='lat' dir='ltr'><strong>si</strong></span> 
     </span>
    </p>
   </div>
   <div class='ocr_carea' id='block_1_3' title="bbox 297 1437 1569 1522">
    <p class='ocr_par' dir='ltr' id='par_1_8' title="bbox 297 1437 1569 1522">
     <span class='ocr_line' id='line_1_9' title="bbox 297 1437 1569 1522; baseline 0 -20"><span class='ocrx_word' id='word_1_57' title='bbox 297 1437 1474 1522; x_wconf 83' lang='lat' dir='ltr'><strong>tenuisest‚sordidaputandaest3sinmagnaet</strong></span> <span class='ocrx_word' id='word_1_58' title='bbox 1568 1489 1569 1492; x_wconf 63' lang='lat'>,</span> 
     </span>
    </p>
   </div>
   <div class='ocr_carea' id='block_1_4' title="bbox 250 1550 1474 3907">
    <p class='ocr_par' dir='ltr' id='par_1_9' title="bbox 298 1550 1474 3111">
     <span class='ocr_line' id='line_1_10' title="bbox 298 1550 1473 1639; baseline 0 -23"><span class='ocrx_word' id='word_1_59' title='bbox 298 1551 499 1637; x_wconf 87' lang='lat' dir='ltr'><strong>copiosa,</strong></span> <span class='ocrx_word' id='word_1_60' title='bbox 532 1550 686 1616; x_wconf 93' lang='lat' dir='ltr'><strong>multa</strong></span> <span class='ocrx_word' id='word_1_61' title='bbox 706 1550 928 1636; x_wconf 91' lang='lat' dir='ltr'><strong>undique</strong></span> <span class='ocrx_word' id='word_1_62' title='bbox 952 1556 1200 1637; x_wconf 80' lang='lat' dir='ltr'><strong>apportans</strong></span> <span class='ocrx_word' id='word_1_63' title='bbox 1223 1550 1473 1639; x_wconf 92' lang='lat' dir='ltr'><strong>multisque</strong></span> 
     </span>
     <span class='ocr_line' id='line_1_11' title="bbox 298 1663 1472 1750; baseline -0.002 -20"><span class='ocrx_word' id='word_1_64' title='bbox 298 1664 404 1730; x_wconf 90' lang='lat' dir='ltr'><strong>sine</strong></span> <span class='ocrx_word' id='word_1_65' title='bbox 431 1663 1472 1750; x_wconf 79' lang='lat' dir='ltr'><strong>vanitateinpertienS‚nonestadmodum</strong></span> 
     </span>
     <span class='ocr_line' id='line_1_12' title="bbox 298 1777 1473 1864; baseline -0.001 -21"><span class='ocrx_word' id='word_1_66' title='bbox 298 1777 649 1863; x_wconf 85' lang='lat' dir='ltr'><strong>vituperanda,</strong></span> <span class='ocrx_word' id='word_1_67' title='bbox 676 1783 823 1863; x_wconf 89' lang='lat' dir='ltr'><strong>atque</strong></span> <span class='ocrx_word' id='word_1_68' title='bbox 843 1777 1002 1858; x_wconf 91' lang='lat' dir='ltr'><strong>etiam,</strong></span> <span class='ocrx_word' id='word_1_69' title='bbox 1027 1777 1065 1842; x_wconf 92' lang='lat' dir='ltr'><strong>si</strong></span> <span class='ocrx_word' id='word_1_70' title='bbox 1090 1778 1261 1842; x_wconf 89' lang='lat' dir='ltr'><strong>satiata</strong></span> <span class='ocrx_word' id='word_1_71' title='bbox 1284 1784 1473 1864; x_wconf 92' lang='lat' dir='ltr'><strong>quaestu</strong></span> 
     </span>
     <span class='ocr_line' id='line_1_13' title="bbox 298 1890 1473 1978; baseline -0.002 -21"><span class='ocrx_word' id='word_1_72' title='bbox 298 1890 848 1976; x_wconf 85' lang='lat' dir='ltr'><strong>velcontentapotius‚</strong></span> <span class='ocrx_word' id='word_1_73' title='bbox 872 1897 1090 1977; x_wconf 90' lang='lat' dir='ltr'><strong>utsaepe</strong></span> <span class='ocrx_word' id='word_1_74' title='bbox 1114 1890 1473 1978; x_wconf 84' lang='lat' dir='ltr'><strong>exaltoinpor-</strong></span> 
     </span>
     <span class='ocr_line' id='line_1_14' title="bbox 299 2004 1474 2091; baseline 0 -21"><span class='ocrx_word' id='word_1_75' title='bbox 299 2010 408 2085; x_wconf 89' lang='lat' dir='ltr'><strong>tum,</strong></span> <span class='ocrx_word' id='word_1_76' title='bbox 432 2004 1474 2091; x_wconf 84' lang='lat' dir='ltr'><strong>exipsoportuseinagrospossessiones·</strong></span> 
     </span>
     <span class='ocr_line' id='line_1_15' title="bbox 301 2117 1472 2205; baseline 0 -23"><span class='ocrx_word' id='word_1_77' title='bbox 301 2139 390 2205; x_wconf 92' lang='lat' dir='ltr'><strong>que</strong></span> <span class='ocrx_word' id='word_1_78' title='bbox 436 2117 680 2199; x_wconf 89' lang='lat' dir='ltr'><strong>contulit,</strong></span> <span class='ocrx_word' id='word_1_79' title='bbox 726 2117 930 2184; x_wconf 86' lang='lat' dir='ltr'><strong>videtur</strong></span> <span class='ocrx_word' id='word_1_80' title='bbox 975 2117 1293 2204; x_wconf 90' lang='lat' dir='ltr'><strong>iureoptimo</strong></span> <span class='ocrx_word' id='word_1_81' title='bbox 1331 2139 1472 2204; x_wconf 92' lang='lat' dir='ltr'><strong>posse</strong></span> 
     </span>
     <span class='ocr_line' id='line_1_16' title="bbox 300 2230 1472 2318; baseline 0.001 -23"><span class='ocrx_word' id='word_1_82' title='bbox 300 2230 533 2296; x_wconf 84' lang='lat' dir='ltr'><strong>laudari.⁷&#39;</strong></span> <span class='ocrx_word' id='word_1_83' title='bbox 580 2231 675 2312; x_wconf 84' lang='lat' dir='ltr'><strong>Viro,</strong></span> <span class='ocrx_word' id='word_1_84' title='bbox 710 2231 776 2317; x_wconf 90' lang='lat' dir='ltr'><strong>ipsi</strong></span> <span class='ocrx_word' id='word_1_85' title='bbox 810 2232 959 2317; x_wconf 83' lang='lat' dir='ltr'><strong>equestri</strong></span> <span class='ocrx_word' id='word_1_86' title='bbox 992 2230 1068 2298; x_wconf 93' lang='lat' dir='ltr'><strong>loco</strong></span> <span class='ocrx_word' id='word_1_87' title='bbox 1103 2238 1194 2312; x_wconf 89' lang='lat' dir='ltr'><strong>nato,</strong></span> <span class='ocrx_word' id='word_1_88' title='bbox 1230 2232 1300 2318; x_wconf 92' lang='lat' dir='ltr'><strong>qui,</strong></span> <span class='ocrx_word' id='word_1_89' title='bbox 1336 2237 1375 2296; x_wconf 93' lang='lat' dir='ltr'><strong>ut</strong></span> <span class='ocrx_word' id='word_1_90' title='bbox 1397 2252 1472 2296; x_wconf 92' lang='lat' dir='ltr'><strong>mos</strong></span> 
     </span>
     <span class='ocr_line' id='line_1_17' title="bbox 301 2343 1470 2432; baseline 0 -22"><span class='ocrx_word' id='word_1_91' title='bbox 301 2350 351 2410; x_wconf 90' lang='lat' dir='ltr'><strong>est</strong></span> <span class='ocrx_word' id='word_1_92' title='bbox 395 2366 566 2411; x_wconf 88' lang='lat' dir='ltr'><strong>novorum</strong></span> <span class='ocrx_word' id='word_1_93' title='bbox 611 2344 804 2425; x_wconf 90' lang='lat' dir='ltr'><strong>hominum,</strong></span> <span class='ocrx_word' id='word_1_94' title='bbox 839 2343 1010 2410; x_wconf 86' lang='lat' dir='ltr'>nobilium</span> <span class='ocrx_word' id='word_1_95' title='bbox 1043 2345 1190 2430; x_wconf 87' lang='lat' dir='ltr'><strong>gratiam</strong></span> <span class='ocrx_word' id='word_1_96' title='bbox 1224 2344 1470 2432; x_wconf 83' lang='lat' dir='ltr'><strong>aucupabatur,</strong></span> 
     </span>
     <span class='ocr_line' id='line_1_18' title="bbox 300 2457 1472 2546; baseline 0 -24"><span class='ocrx_word' id='word_1_97' title='bbox 300 2457 390 2522; x_wconf 90' lang='lat' dir='ltr'>nihil</span> <span class='ocrx_word' id='word_1_98' title='bbox 424 2457 564 2524; x_wconf 88' lang='lat' dir='ltr'><strong>hercule</strong></span> <span class='ocrx_word' id='word_1_99' title='bbox 599 2457 732 2523; x_wconf 79' lang='lat' dir='ltr'><strong>facilius</strong></span> <span class='ocrx_word' id='word_1_100' title='bbox 765 2463 838 2523; x_wconf 88' lang='lat' dir='ltr'><strong>erat</strong></span> <span class='ocrx_word' id='word_1_101' title='bbox 873 2479 979 2545; x_wconf 90' lang='lat' dir='ltr'><strong>quam</strong></span> <span class='ocrx_word' id='word_1_102' title='bbox 1013 2465 1232 2524; x_wconf 89' lang='lat' dir='ltr'><strong>contemnere</strong></span> <span class='ocrx_word' id='word_1_103' title='bbox 1267 2480 1325 2524; x_wconf 92' lang='lat' dir='ltr'><strong>eos</strong></span> <span class='ocrx_word' id='word_1_104' title='bbox 1351 2459 1472 2546; x_wconf 90' lang='lat' dir='ltr'><strong>quiin</strong></span> 
     </span>
     <span class='ocr_line' id='line_1_19' title="bbox 302 2570 1472 2658; baseline 0.002 -22"><span class='ocrx_word' id='word_1_105' title='bbox 302 2570 424 2637; x_wconf 89' lang='lat' dir='ltr'><strong>sudore</strong></span> <span class='ocrx_word' id='word_1_106' title='bbox 459 2571 576 2638; x_wconf 89' lang='lat' dir='ltr'><strong>vultus</strong></span> <span class='ocrx_word' id='word_1_107' title='bbox 599 2571 651 2636; x_wconf 90' lang='lat' dir='ltr'><strong>sui</strong></span> <span class='ocrx_word' id='word_1_108' title='bbox 674 2592 763 2657; x_wconf 91' lang='lat' dir='ltr'><strong>pane</strong></span> <span class='ocrx_word' id='word_1_109' title='bbox 786 2578 1013 2652; x_wconf 87' lang='lat' dir='ltr'><strong>vescerentur,</strong></span> <span class='ocrx_word' id='word_1_110' title='bbox 1042 2571 1106 2637; x_wconf 90' lang='lat' dir='ltr'><strong>sibi</strong></span> <span class='ocrx_word' id='word_1_111' title='bbox 1129 2578 1247 2638; x_wconf 91' lang='lat' dir='ltr'><strong>contra</strong></span> <span class='ocrx_word' id='word_1_112' title='bbox 1271 2572 1392 2658; x_wconf 89' lang='lat' dir='ltr'><strong>suique</strong></span> <span class='ocrx_word' id='word_1_113' title='bbox 1415 2593 1472 2656; x_wconf 87' lang='lat' dir='ltr'><strong>ge·</strong></span> 
     </span>
     <span class='ocr_line' id='line_1_20' title="bbox 302 2684 1472 2773; baseline 0.002 -24"><span class='ocrx_word' id='word_1_114' title='bbox 302 2685 393 2750; x_wconf 91' lang='lat' dir='ltr'><strong>neris</strong></span> <span class='ocrx_word' id='word_1_115' title='bbox 422 2684 621 2750; x_wconf 89' lang='lat' dir='ltr'><strong>hominibus</strong></span> <span class='ocrx_word' id='word_1_116' title='bbox 646 2706 780 2750; x_wconf 90' lang='lat' dir='ltr'><strong>sumere</strong></span> <span class='ocrx_word' id='word_1_117' title='bbox 804 2706 947 2769; x_wconf 85' lang='lat' dir='ltr'><strong>magnas</strong></span> <span class='ocrx_word' id='word_1_118' title='bbox 961 2685 1071 2751; x_wconf 89' lang='lat' dir='ltr'><strong>facere</strong></span> <span class='ocrx_word' id='word_1_119' title='bbox 1084 2691 1302 2766; x_wconf 90' lang='lat' dir='ltr'><strong>mercaturas,</strong></span> <span class='ocrx_word' id='word_1_120' title='bbox 1315 2708 1333 2752; x_wconf 86' lang='lat' dir='ltr'><strong>c</strong></span> <span class='ocrx_word' id='word_1_121' title='bbox 1346 2685 1472 2773; x_wconf 92' lang='lat' dir='ltr'><strong>quibus</strong></span> 
     </span>
     <span class='ocr_line' id='line_1_21' title="bbox 302 2798 1472 2886; baseline 0.002 -24"><span class='ocrx_word' id='word_1_122' title='bbox 302 2818 383 2862; x_wconf 91' lang='lat' dir='ltr'><strong>cum</strong></span> <span class='ocrx_word' id='word_1_123' title='bbox 402 2798 592 2863; x_wconf 87' lang='lat' dir='ltr'><strong>maximam</strong></span> <span class='ocrx_word' id='word_1_124' title='bbox 612 2798 795 2883; x_wconf 87' lang='lat' dir='ltr'><strong>pecuniam</strong></span> <span class='ocrx_word' id='word_1_125' title='bbox 818 2799 1026 2883; x_wconf 89' lang='lat' dir='ltr'><strong>redegissent</strong></span> <span class='ocrx_word' id='word_1_126' title='bbox 1052 2799 1181 2879; x_wconf 83' lang='lat' dir='ltr'><strong>„otium</strong></span> <span class='ocrx_word' id='word_1_127' title='bbox 1203 2805 1238 2864; x_wconf 90' lang='lat' dir='ltr'><strong>et</strong></span> <span class='ocrx_word' id='word_1_128' title='bbox 1259 2799 1377 2886; x_wconf 89' lang='lat' dir='ltr'><strong>oppidi</strong></span> <span class='ocrx_word' id='word_1_129' title='bbox 1399 2800 1472 2864; x_wconf 91' lang='lat' dir='ltr'><strong>lau-</strong></span> 
     </span>
     <span class='ocr_line' id='line_1_22' title="bbox 303 2909 1472 2999; baseline 0.002 -23"><span class='ocrx_word' id='word_1_130' title='bbox 303 2910 431 2976; x_wconf 87' lang='lat' dir='ltr'><strong>dabant</strong></span> <span class='ocrx_word' id='word_1_131' title='bbox 464 2932 545 2976; x_wconf 92' lang='lat' dir='ltr'><strong>rura</strong></span> <span class='ocrx_word' id='word_1_132' title='bbox 580 2911 664 2991; x_wconf 88' lang='lat' dir='ltr'><strong>sui,&#39;&#39;</strong></span> <span class='ocrx_word' id='word_1_133' title='bbox 690 2909 716 2998; x_wconf 88' lang='lat'><strong>¹)</strong></span> <span class='ocrx_word' id='word_1_134' title='bbox 747 2918 928 2998; x_wconf 89' lang='lat' dir='ltr'><strong>quaestum</strong></span> <span class='ocrx_word' id='word_1_135' title='bbox 952 2933 1057 2999; x_wconf 90' lang='lat' dir='ltr'><strong>quem</strong></span> <span class='ocrx_word' id='word_1_136' title='bbox 1079 2913 1230 2978; x_wconf 88' lang='lat' dir='ltr'><strong>fecerant</strong></span> <span class='ocrx_word' id='word_1_137' title='bbox 1251 2913 1289 2977; x_wconf 94' lang='lat' dir='ltr'><strong>in</strong></span> <span class='ocrx_word' id='word_1_138' title='bbox 1311 2912 1472 2978; x_wconf 90' lang='lat' dir='ltr'><strong>colendos</strong></span> 
     </span>
     <span class='ocr_line' id='line_1_23' title="bbox 302 3022 706 3111; baseline -0.002 -21"><span class='ocrx_word' id='word_1_139' title='bbox 302 3045 401 3110; x_wconf 86' lang='lat' dir='ltr'><strong>agros</strong></span> <span class='ocrx_word' id='word_1_140' title='bbox 434 3024 655 3090; x_wconf 88' lang='lat' dir='ltr'><strong>insumentes.</strong></span> <span class='ocrx_word' id='word_1_141' title='bbox 680 3022 706 3111; x_wconf 71' lang='grc'><strong>2)</strong></span> 
     </span>
    </p>

    <p class='ocr_par' dir='ltr' id='par_1_10' title="bbox 250 3136 1471 3907">
     <span class='ocr_line' id='line_1_24' title="bbox 346 3136 1470 3226; baseline 0.002 -22"><span class='ocrx_word' id='word_1_142' title='bbox 346 3138 526 3217; x_wconf 77' lang='lat' dir='ltr'><strong>Quomodo</strong></span> <span class='ocrx_word' id='word_1_143' title='bbox 550 3144 667 3204; x_wconf 89' lang='lat' dir='ltr'><strong>autem</strong></span> <span class='ocrx_word' id='word_1_144' title='bbox 689 3159 710 3202; x_wconf 93' lang='lat' dir='ltr'><strong>a</strong></span> <span class='ocrx_word' id='word_1_145' title='bbox 732 3136 956 3224; x_wconf 86' lang='lat' dir='ltr'><strong>locupletium</strong></span> <span class='ocrx_word' id='word_1_146' title='bbox 979 3139 1134 3205; x_wconf 92' lang='lat' dir='ltr'><strong>sordibus</strong></span> <span class='ocrx_word' id='word_1_147' title='bbox 1149 3141 1470 3226; x_wconf 88' lang='lat' dir='ltr'><strong>faeneratorumque</strong></span> 
     </span>
     <span class='ocr_line' id='line_1_25' title="bbox 302 3251 1471 3341; baseline 0.003 -25"><span class='ocrx_word' id='word_1_148' title='bbox 302 3253 435 3317; x_wconf 84' lang='lat' dir='ltr'><strong>astutiis</strong></span> <span class='ocrx_word' id='word_1_149' title='bbox 467 3251 671 3336; x_wconf 86' lang='lat' dir='ltr'><strong>tegebantur</strong></span> <span class='ocrx_word' id='word_1_150' title='bbox 703 3252 819 3316; x_wconf 90' lang='lat' dir='ltr'><strong>miseri</strong></span> <span class='ocrx_word' id='word_1_151' title='bbox 852 3253 981 3338; x_wconf 90' lang='lat' dir='ltr'><strong>inopes,</strong></span> <span class='ocrx_word' id='word_1_152' title='bbox 1019 3254 1079 3340; x_wconf 92' lang='lat' dir='ltr'><strong>qui</strong></span> <span class='ocrx_word' id='word_1_153' title='bbox 1112 3255 1295 3341; x_wconf 88' lang='lat' dir='ltr'><strong>pecuniam</strong></span> <span class='ocrx_word' id='word_1_154' title='bbox 1318 3255 1471 3319; x_wconf 92' lang='lat' dir='ltr'><strong>mutuari</strong></span> 
     </span>
     <span class='ocr_line' id='line_1_26' title="bbox 250 3364 1471 3457; baseline 0.003 -27"><span class='ocrx_word' id='word_1_155' title='bbox 250 3452 254 3457; x_wconf 88' lang='lat'><em>.</em></span> <span class='ocrx_word' id='word_1_156' title='bbox 301 3365 409 3430; x_wconf 90' lang='lat' dir='ltr'><strong>coacti</strong></span> <span class='ocrx_word' id='word_1_157' title='bbox 426 3365 551 3430; x_wconf 83' lang='lat' dir='ltr'><strong>erant?</strong></span> <span class='ocrx_word' id='word_1_158' title='bbox 596 3364 723 3430; x_wconf 81' lang='lat' dir='ltr'><strong>Crebra</strong></span> <span class='ocrx_word' id='word_1_159' title='bbox 756 3372 837 3430; x_wconf 89' lang='lat' dir='ltr'><strong>sunt</strong></span> <span class='ocrx_word' id='word_1_160' title='bbox 858 3365 950 3451; x_wconf 88' lang='lat' dir='ltr'><strong>leges</strong></span> <span class='ocrx_word' id='word_1_161' title='bbox 973 3365 1066 3452; x_wconf 90' lang='lat' dir='ltr'><strong>plebi</strong></span> <span class='ocrx_word' id='word_1_162' title='bbox 1089 3368 1172 3432; x_wconf 88' lang='lat' dir='ltr'><strong>scita</strong></span> <span class='ocrx_word' id='word_1_163' title='bbox 1194 3368 1321 3434; x_wconf 90' lang='lat' dir='ltr'><strong>iudicia</strong></span> <span class='ocrx_word' id='word_1_164' title='bbox 1344 3367 1471 3454; x_wconf 92' lang='lat' dir='ltr'><strong>quibus</strong></span> 
     </span>
     <span class='ocr_line' id='line_1_27' title="bbox 301 3469 1470 3568; baseline 0.003 -25"><span class='ocrx_word' id='word_1_165' title='bbox 301 3477 451 3543; x_wconf 87' lang='lat' dir='ltr'><strong>Romani</strong></span> <span class='ocrx_word' id='word_1_166' title='bbox 485 3477 666 3543; x_wconf 84' lang='lat' dir='ltr'><strong>avaritiam</strong></span> <span class='ocrx_word' id='word_1_167' title='bbox 699 3469 857 3544; x_wconf 89' lang='lat' dir='ltr'><strong>cohibere</strong></span> <span class='ocrx_word' id='word_1_168' title='bbox 884 3501 1136 3567; x_wconf 90' lang='lat' dir='ltr'><strong>usurarumque</strong></span> <span class='ocrx_word' id='word_1_169' title='bbox 1160 3482 1388 3568; x_wconf 90' lang='lat' dir='ltr'><strong>quantitatem</strong></span> <span class='ocrx_word' id='word_1_170' title='bbox 1407 3482 1470 3548; x_wconf 89' lang='lat' dir='ltr'><strong>cir-</strong></span> 
     </span>
     <span class='ocr_line' id='line_1_28' title="bbox 300 3589 1468 3682; baseline 0.003 -25"><span class='ocrx_word' id='word_1_171' title='bbox 300 3589 526 3660; x_wconf 88' lang='lat' dir='ltr'><strong>cumscribere</strong></span> <span class='ocrx_word' id='word_1_172' title='bbox 565 3591 678 3656; x_wconf 88' lang='lat' dir='ltr'><strong>conati</strong></span> <span class='ocrx_word' id='word_1_173' title='bbox 712 3598 801 3658; x_wconf 88' lang='lat' dir='ltr'><strong>sunt.</strong></span> <span class='ocrx_word' id='word_1_174' title='bbox 847 3593 902 3657; x_wconf 85' lang='lat' dir='ltr'><strong>Ex</strong></span> <span class='ocrx_word' id='word_1_175' title='bbox 936 3593 1010 3680; x_wconf 89' lang='lat' dir='ltr'><strong>ipsa</strong></span> <span class='ocrx_word' id='word_1_176' title='bbox 1043 3594 1108 3660; x_wconf 89' lang='lat' dir='ltr'><strong>hac</strong></span> <span class='ocrx_word' id='word_1_177' title='bbox 1143 3595 1336 3682; x_wconf 87' lang='lat' dir='ltr'><strong>frequentia</strong></span> <span class='ocrx_word' id='word_1_178' title='bbox 1369 3595 1468 3662; x_wconf 89' lang='lat' dir='ltr'><strong>facile</strong></span> 
     </span>
     <span class='ocr_line' id='line_1_29' title="bbox 300 3704 1470 3795; baseline 0.004 -25"><span class='ocrx_word' id='word_1_179' title='bbox 300 3704 447 3770; x_wconf 88' lang='lat' dir='ltr'><strong>conicias</strong></span> <span class='ocrx_word' id='word_1_180' title='bbox 481 3725 521 3769; x_wconf 89' lang='lat' dir='ltr'><strong>ea</strong></span> <span class='ocrx_word' id='word_1_181' title='bbox 555 3725 679 3791; x_wconf 89' lang='lat' dir='ltr'><strong>parum</strong></span> <span class='ocrx_word' id='word_1_182' title='bbox 712 3705 813 3771; x_wconf 87' lang='lat' dir='ltr'><strong>fuisse</strong></span> <span class='ocrx_word' id='word_1_183' title='bbox 848 3707 1007 3773; x_wconf 89' lang='lat' dir='ltr'><strong>efficacia.</strong></span> <span class='ocrx_word' id='word_1_184' title='bbox 1042 3708 1085 3773; x_wconf 90' lang='lat' dir='ltr'><strong>In</strong></span> <span class='ocrx_word' id='word_1_185' title='bbox 1101 3709 1293 3795; x_wconf 90' lang='lat' dir='ltr'><strong>praecipuis</strong></span> <span class='ocrx_word' id='word_1_186' title='bbox 1319 3709 1470 3775; x_wconf 88' lang='lat' dir='ltr'><strong>consiliis</strong></span> 
     </span>
     <span class='ocr_line' id='line_1_30' title="bbox 299 3817 934 3907; baseline 0.003 -25"><span class='ocrx_word' id='word_1_187' title='bbox 299 3818 356 3884; x_wconf 90' lang='lat' dir='ltr'><strong>hic</strong></span> <span class='ocrx_word' id='word_1_188' title='bbox 380 3817 497 3904; x_wconf 91' lang='lat' dir='ltr'><strong>paucis</strong></span> <span class='ocrx_word' id='word_1_189' title='bbox 517 3818 801 3884; x_wconf 90' lang='lat' dir='ltr'><strong>commorandum</strong></span> <span class='ocrx_word' id='word_1_190' title='bbox 824 3827 883 3886; x_wconf 84' lang='lat' dir='ltr'><strong>est.</strong></span> <span class='ocrx_word' id='word_1_191' title='bbox 907 3819 934 3907; x_wconf 82' lang='lat'><strong>³)</strong></span> 
     </span>
    </p>
   </div>
   <div class='ocr_carea' id='block_1_5' title="bbox 330 4019 1471 4257">
    <p class='ocr_par' dir='ltr' id='par_1_11' title="bbox 330 4019 1471 4257">
     <span class='ocr_line' id='line_1_31' title="bbox 334 4019 677 4079; baseline 0.015 -13"><span class='ocrx_word' id='word_1_192' title='bbox 334 4019 351 4079; x_wconf 88' lang='lat'><strong>¹)</strong></span> <span class='ocrx_word' id='word_1_193' title='bbox 384 4020 443 4069; x_wconf 88' lang='lat' dir='ltr'><strong>Hor.</strong></span> <span class='ocrx_word' id='word_1_194' title='bbox 461 4020 540 4073; x_wconf 82' lang='lat' dir='ltr'><strong>Carm.</strong></span> <span class='ocrx_word' id='word_1_195' title='bbox 557 4022 578 4079; x_wconf 89' lang='grc' dir='ltr'><strong>Ι,</strong></span> <span class='ocrx_word' id='word_1_196' title='bbox 598 4023 620 4079; x_wconf 91' lang='grc'><strong>1,</strong></span> <span class='ocrx_word' id='word_1_197' title='bbox 639 4022 677 4071; x_wconf 87' lang='grc'><strong>15,</strong></span> 
     </span>
     <span class='ocr_line' id='line_1_32' title="bbox 332 4102 1468 4174; baseline 0.01 -25"><span class='ocrx_word' id='word_1_198' title='bbox 332 4103 352 4161; x_wconf 87' lang='lat'><strong>²)</strong></span> <span class='ocrx_word' id='word_1_199' title='bbox 385 4102 422 4150; x_wconf 85' lang='lat' dir='ltr'><strong>Ita</strong></span> <span class='ocrx_word' id='word_1_200' title='bbox 447 4107 564 4166; x_wconf 86' lang='lat' dir='ltr'><strong>postrema</strong></span> <span class='ocrx_word' id='word_1_201' title='bbox 588 4105 661 4153; x_wconf 83' lang='lat' dir='ltr'><strong>verba</strong></span> <span class='ocrx_word' id='word_1_202' title='bbox 686 4105 753 4155; x_wconf 89' lang='lat' dir='ltr'><strong>illius</strong></span> <span class='ocrx_word' id='word_1_203' title='bbox 770 4106 817 4155; x_wconf 93' lang='lat' dir='ltr'><strong>loci</strong></span> <span class='ocrx_word' id='word_1_204' title='bbox 835 4107 985 4156; x_wconf 84' lang='lat' dir='ltr'><strong>Ciceroniani</strong></span> <span class='ocrx_word' id='word_1_205' title='bbox 1002 4108 1173 4172; x_wconf 82' lang='lat' dir='ltr'><strong>interpretatur</strong></span> <span class='ocrx_word' id='word_1_206' title='bbox 1189 4109 1267 4173; x_wconf 81' lang='lat' dir='ltr'><strong>Marq.</strong></span> <span class='ocrx_word' id='word_1_207' title='bbox 1285 4108 1322 4159; x_wconf 89' lang='lat' dir='ltr'><strong>ll.</strong></span> <span class='ocrx_word' id='word_1_208' title='bbox 1339 4126 1391 4174; x_wconf 84' lang='lat' dir='ltr'><strong>pag.</strong></span> <span class='ocrx_word' id='word_1_209' title='bbox 1408 4111 1468 4160; x_wconf 79' lang='lat'>402.</span> 
     </span>
     <span class='ocr_line' id='line_1_33' title="bbox 330 4184 1471 4257; baseline 0.009 -24"><span class='ocrx_word' id='word_1_210' title='bbox 330 4184 350 4247; x_wconf 70' lang='lat'><strong>³)</strong></span> <span class='ocrx_word' id='word_1_211' title='bbox 386 4185 465 4234; x_wconf 82' lang='lat' dir='ltr'><strong>Multa</strong></span> <span class='ocrx_word' id='word_1_212' title='bbox 480 4185 527 4235; x_wconf 87' lang='lat' dir='ltr'><strong>buc</strong></span> <span class='ocrx_word' id='word_1_213' title='bbox 543 4188 690 4251; x_wconf 81' lang='lat' dir='ltr'><strong>pertinentia</strong></span> <span class='ocrx_word' id='word_1_214' title='bbox 705 4192 729 4238; x_wconf 84' lang='lat' dir='ltr'><strong>et</strong></span> <span class='ocrx_word' id='word_1_215' title='bbox 745 4191 920 4240; x_wconf 83' lang='lat' dir='ltr'><strong>accuratissime</strong></span> <span class='ocrx_word' id='word_1_216' title='bbox 937 4196 960 4240; x_wconf 82' lang='lat' dir='ltr'><strong>et</strong></span> <span class='ocrx_word' id='word_1_217' title='bbox 977 4191 1136 4256; x_wconf 84' lang='lat' dir='ltr'><strong>copiosissime</strong></span> <span class='ocrx_word' id='word_1_218' title='bbox 1152 4208 1229 4257; x_wconf 83' lang='lat' dir='ltr'><strong>nuper</strong></span> <span class='ocrx_word' id='word_1_219' title='bbox 1244 4193 1354 4242; x_wconf 80' lang='lat' dir='ltr'><strong>tractavit</strong></span> <span class='ocrx_word' id='word_1_220' title='bbox 1366 4192 1471 4243; x_wconf 84' lang='lat' dir='ltr'><strong>Billeter</strong></span> 
     </span>
    </p>
   </div>
   <div class='ocr_carea' id='block_1_6' title="bbox 0 0 1642 4997">
    <p class='ocr_par' dir='ltr' id='par_1_12' title="bbox 0 0 1642 4997">
     <span class='ocr_line' id='line_1_34' title="bbox 0 0 1642 4997; baseline 0 0"><span class='ocrx_word' id='word_1_221' title='bbox 0 0 1642 4997; x_wconf 95' lang='lat' dir='ltr'><strong> </strong></span> 
     </span>
    </p>
   </div>
  </div>
 </body>
</html>
