3274 4998
836 482 900 549 184

278 662 492 730 frumentum
526 682 544 727 e
579 659 717 748 publico
751 661 966 748 perciperent
1000 661 1071 729 sive
1105 660 1142 726 in
1177 661 1361 728 menstruis
1382 660 1452 729 illis

279 773 575 842 distributionibus
609 773 680 841 sive
703 773 849 840 -inde
873 795 894 840 a
916 774 1064 841 Traiano
1088 811 1131 824 ·-
1154 773 1197 841 ab
1220 767 1366 841 infantia
1389 796 1453 862 pu·

278 887 376 956 blicis
409 886 602 975 sumptibus
639 885 833 969 alebantur,
860 885 885 974 ¹)
921 887 962 954 de
986 887 1112 976 quibus
1134 887 1248 975 pueris
1271 893 1304 954 et
1328 886 1452 975 puellis

278 1001 315 1066 in
350 1001 507 1088 proximo
533 1001 643 1088 capite
667 1000 855 1088 scripturus
880 1023 967 1068 sum.
1014 1000 1284 1088 Imperatoribus
1308 1023 1388 1068 vero
1411 1000 1451 1066 li-

279 1114 387 1180 cuisse
418 1114 523 1180 etiam
556 1114 593 1180 in
627 1112 742 1201 plures
768 1113 1012 1181 liberalitatem
1036 1135 1134 1180 suam
1157 1113 1309 1182 dividere
1332 1121 1367 1181 et
1389 1137 1451 1202 per

280 1249 314 1294 se
340 1226 551 1313 intellegitur
571 1233 608 1294 et
630 1249 648 1294 e
671 1227 826 1294 Suetonii
848 1227 908 1294 illa
931 1228 973 1295 de
998 1228 1113 1316 pueris
1136 1227 1357 1316 puerulisque
1381 1251 1452 1296 me·

280 1341 399 1408 moria.
423 1339 450 1428 ⁸)

323 1455 419 1521 Inter
456 1455 629 1540 congiaria
663 1455 781 1521 referri
815 1461 957 1542 possunt
991 1455 1157 1542 pecuniae
1194 1476 1331 1542 quoque
1367 1477 1451 1522 non-

279 1568 405 1651 nullae,
440 1590 459 1634 a
494 1567 694 1635 Caesaribus
727 1567 870 1654 legatae,
905 1575 944 1634 ut
974 1569 1151 1654 Augustus
1186 1569 1359 1654 congiaria
1389 1590 1452 1636 sua

280 1704 486 1749 enumerans
520 1704 540 1748 a
574 1682 611 1748 O.
645 1681 727 1748 Iulii
761 1681 913 1749 Caesaris
948 1682 1062 1768 legato
1090 1682 1288 1749 exorditur:
1316 1682 1453 1763 ,Plebei

218 1850 221 1855 .
280 1796 457 1864 Romanae
482 1795 612 1864 viritim
630 1815 674 1861 Hs
697 1801 850 1862 trecenos
872 1796 1055 1862 numeravi
1074 1817 1119 1862 ex
1132 1795 1334 1863 testamento
1347 1796 1453 1883 patris

281 1911 382 1977 mei.’'
429 1907 456 1996 ⁸)
513 1909 629 1975 Huius
672 1908 777 1994 legati
810 1909 903 1995 apud
938 1909 1117 1997 scriptores
1152 1909 1287 1997 saepius
1322 1910 1452 1977 mentio

281 2023 320 2089 fit
332 2046 340 2105 ;
366 2023 392 2110 ⁴)
421 2023 553 2089 addunt
576 2028 692 2089 tamen
715 2022 895 2090 Gaesarem
919 2022 1046 2110 populo
1071 2023 1176 2090 etiam
1203 2023 1339 2104 ,hortos
1362 2023 1453 2090 circa

218 2156 221 2161 ·
280 2137 432 2204 Tiberim
469 2135 627 2224 publice’'
655 2137 681 2224 ὗ)
704 2134 878 2221 legavisse,
904 2136 964 2224 qui
988 2136 1079 2204 horti
1101 2136 1145 2203 ad
1169 2137 1321 2224 primum
1344 2136 1455 2204 milia·

281 2251 372 2316 rium
407 2251 604 2317 Portuensis
640 2249 715 2318 viae
750 2255 847 2316 erant
883 2250 984 2337 positi
1018 2257 1052 2317 at
1075 2251 1178 2317 horae
1203 2249 1273 2318 fere
1299 2252 1454 2339 spatioa

316 2450 335 2509 l)
369 2448 405 2497 De
430 2449 531 2515 puerulo
552 2465 592 2500 sex
608 2466 724 2500 annorum
741 2449 783 2515 qui
799 2450 889 2515 accepit
905 2449 1052 2514 congiarium
1069 2452 1165 2498 centurn
1182 2447 1307 2498 denarium
1324 2449 1378 2498 vide
1395 2449 1453 2500 titu-

281 2531 334 2581 lurn
351 2531 378 2582 0.
395 2531 415 2582 1.
433 2532 460 2583 L.
478 2532 520 2591 vl,
541 2533 639 2583 10228:

756 2617 779 2665 n
854 2633 860 2644 ·
930 2615 957 2664 u

648 2699 926 2749 nvrrcrrnrr·
955 2697 1077 2748 rrnro

647 2781 704 2847 er
722 2797 729 2812 ·
747 2781 836 2832 vrnr
898 2780 1076 2831 aruis-vr·-

646 2865 813 2915 nrrevs·
839 2865 872 2915 vr
892 2863 1079 2914 ·1ucrsvs

598 2949 612 2996 s
646 2933 793 2999 Iuonuvs
830 2948 887 3014 ovr
920 2947 1096 2997 socrrrr.
1120 2947 1156 2997 aa

648 3038 960 3088 GONGIARIVM·
996 3037 1076 3086 ΚΟ·

646 3121 761 3172 ruelr
803 3137 809 3149 ·
845 3121 971 3171 Perna
1002 3136 1007 3146 ·
1034 3121 1081 3169 Bu

686 3206 739 3254 Nu
800 3220 807 3232 ·
858 3205 1000 3254 Masuri
1009 3206 1051 3254 TI

281 3288 465 3338 tdeaariorum
482 3291 582 3338 centum.

312 3374 334 3431 ¹)
368 3371 445 3435 Vulgo
469 3371 559 3420 addunt
579 3371 644 3420 Plin.
662 3371 747 3435 Paneg.
766 3371 797 3419 25
818 3388 891 3437 seqq,
910 3372 950 3421 ubi
969 3372 1109 3422 describitur
1122 3371 1270 3435 congiarium
1279 3370 1383 3420 Traiani.
1418 3373 1451 3420 At

279 3453 398 3520 puerulos,
423 3454 465 3518 qui
490 3458 547 3502 tunc
564 3470 577 3502 a
594 3453 695 3503 Traiano
713 3455 798 3519 recepti
815 3471 865 3504 esse
876 3459 1011 3513 narrantur,
1029 3471 1109 3504 omnes
1126 3455 1243 3504 incidi
1262 3454 1340 3504 iussit.
1374 3453 1451 3511 Falso,

279 3537 370 3608 opinor,
400 3536 498 3600 Madvig
523 3536 540 3586 l.
558 3536 575 3586 1.
599 3553 651 3602 pag.
670 3536 718 3586 429
737 3540 804 3602 putat
821 3538 885 3602 ipsos
903 3545 1008 3603 parentes
1026 3538 1098 3588 inisse
1114 3537 1203 3586 incisos
1216 3553 1260 3603 pro
1277 3552 1376 3586 nurnero
1392 3536 1453 3586 libe·

279 3636 368 3670 rorum.

311 3703 780 3768 ἦΜωΜΗη·

311 3787 331 3846 ⁴)
366 3786 499 3837 Mommsen
526 3787 658 3837 RGM’.
684 3804 736 3853 pag.
769 3787 817 3836 6οι
845 3788 944 3853 ,Prima
969 3787 1063 3852 largitio
1090 3787 1210 3854 pertinens
1235 3788 1265 3836 ad
1281 3803 1302 3837 a.
1321 3787 1370 3841 710
1388 3804 1454 3853 saepe

278 3874 422 3919 memoratur
438 3871 502 3936 apud
519 3871 644 3936 scriptores
660 3871 764 3930 (Sueten.
783 3870 849 3920 Gaea.
868 3871 916 3929 83;
934 3870 1054 3920 Plutarch.
1065 3873 1152 3920 Anton.
1164 3871 1203 3920 16.
1213 3871 1282 3921 Brut.
1292 3870 1324 3919 20
1334 3890 1340 3928 ;
1350 3871 1455 3936 Appian.

280 3951 303 4009 2,
333 3951 397 4014 143),
423 3954 466 4017 qui
496 3970 550 4003 eum
576 3954 692 4020 praeterea
715 3954 786 4004 etiam
804 3955 830 4002 in
849 3969 942 4002 summa
959 3970 1013 4003 cum
1030 3953 1198 4003 commentario
1216 3953 1373 4012 assentiant,
1391 3953 1456 4002 solur

279 4033 326 4081 Dio
351 4036 392 4093 44,
418 4036 448 4084 aa
463 4051 532 4096 ¹curn
557 4036 650 4087 adsecle
675 4037 764 4087 zonara
791 4037 832 4095 10,
850 4035 881 4086 12
899 4040 923 4086 ct
938 4036 999 4086 hanc
1016 4052 1134 4086 summam
1150 4036 1258 4102 penitet
1275 4035 1456 4086 auctotoritate

279 4132 334 4182 ipso
352 4118 460 4182 Augusto
477 4117 576 4170 ueram
594 4121 756 4172 watertiorum
774 4133 824 4170 cxx
840 4121 879 4182 (cf.
897 4119 1022 4170 Drumann
1041 4119 1064 4180 1,
1082 4119 1164 4183 101).”

314 4199 334 4264 ⁶)
368 4199 435 4254 Suet.
453 4200 502 4254 Iul.
520 4203 561 4256 88.
