3274 4998
848 433 912 497 114

288 613 325 678 in
359 612 572 680 oblivionem
595 617 776 680 venerunt.
801 609 827 698 1)
872 609 980 676 Haud
1004 610 1107 677 dubie
1129 610 1204 696 ipsa
1226 609 1464 676 Romanorum

289 727 433 794 avaritia
455 727 492 792 in
514 748 617 794 causa
639 731 721 792 erat.
768 725 851 792 Vim
873 724 958 809 legis
982 724 1119 790 eludere
1143 745 1186 790 ne
1212 724 1295 789 Cato
1320 724 1462 811 quidem

288 841 461 906 censorius
483 839 641 925 religioni
666 837 821 919 ducebat,
847 837 874 924 2)
900 839 955 906 vir
975 839 1035 925 qui
1055 844 1208 904 ceterum
1220 844 1291 903 tam
1303 837 1465 904 celebrati

289 955 439 1020 nominis
474 954 603 1020 famam
633 947 793 1033 habebat,
825 959 863 1018 ut
885 952 1015 1018 Seneca
1038 952 1149 1018 dicere
1173 972 1244 1016 non
1270 950 1462 1017 dubitaret:

291 1067 503 1155 ,(Oatonem)
525 1071 598 1132 tam
621 1088 638 1132 e
662 1063 838 1153 republica
852 1066 917 1130 fuit
929 1066 1022 1131 nasci
1037 1087 1142 1152 quam
1158 1065 1364 1151 Scipionem,
1378 1064 1465 1130 alter

288 1181 383 1247 enim
395 1202 475 1246 cum
486 1179 640 1246 hostibus
652 1179 775 1244 nostris
787 1179 926 1259 bellum,
938 1178 1023 1244 alter
1035 1199 1116 1244 cum
1128 1176 1281 1242 moribus
1290 1178 1464 1265 gessit.'’³)

288 1295 452 1379 Legimus
485 1294 580 1358 enim
611 1293 652 1358 de
678 1293 827 1358 Catone:
856 1289 1026 1370 νὲχρήσατε
1047 1288 1149 1352 δὲκαὶ
1169 1297 1212 1367 τῷ
1232 1289 1466 1370 διαβεβλημένῳ

289 1409 428 1484 μάλιστα
448 1413 508 1466 πῶν
530 1405 698 1482 δανεισμῶν
718 1401 819 1481 ruere*
839 1413 979 1474 ναυτικοῖς
990 1407 1016 1492 ⁴)
1036 1402 1089 1463 πὲν
1099 1404 1210 1479 τρόπον
1220 1409 1333 1463 ποῖα-ον.
1352 1401 1465 1466 ἐκέλευε

290 1516 358 1588 τοὺς
394 1517 612 1594 δανειζομένους
645 1514 692 1577 έπὶ
712 1522 840 1598 κοινωνίᾳ
872 1517 1002 1587 πολλοὺς
1032 1503 1226 1594 παρακαλεῖν,
1248 1489 1424 1595 γενομένωνῖ
1434 1517 1467 1579 δὲ

289 1631 476 1698 πεντήκοντα
496 1629 546 1693 καὶ
566 1635 675 1690 πλοίων
689 1632 840 1690 ποσοίπων
849 1627 938 1700 αι’πὸς
949 1621 1010 1711 εἶχε
1022 1636 1093 1707 μίαν
1103 1631 1209 1708 μερίδα
1220 1630 1267 1692 διὰ
1279 1632 1466 1701 Κουϊντίωνος

290 1741 489 1818 ἀπελευθέρου
508 1751 569 1812 τοῖς
588 1743 798 1820 δανειζομένοις
817 1743 1169 1820 συμπραγματευομένου
1187 1744 1236 1806 καὶ
1247 1744 1464 1820 συμπλέοντος.

292 1841 327 1922 ἦν
347 1855 374 1915 δ’
397 1842 444 1913 οὖν
465 1853 515 1918 οἶνκ
540 1854 579 1924 εἰς
599 1856 680 1914 ἅπαν
702 1857 715 1915 ο
736 1856 875 1929 κίνδυνος,
897 1855 968 1915 ἀλλ’
991 1859 1029 1926 εἰς
1050 1856 1139 1933 μέρος
1159 1853 1262 1934 μικρὲν
1282 1853 1331 1916 ἐπὶ
1350 1856 1466 1931 κέρδεσι

291 1969 471 2044 μενάλεις.”
509 1969 534 2055 ⁵)
586 1969 642 2034 Ex
673 1969 740 2034 illis
776 1969 888 2036 verbis
927 1991 1014 2056 quae
1049 1971 1144 2034 addit
1181 1967 1246 2046 „aaa
1278 1971 1465 2038 Κουϊντίωνος

292 2079 511 2156 terrassia
535 2083 771 2167 cognoscimus
800 2104 971 2169 quaenam
994 2083 1138 2149 artificia
1161 2085 1404 2168 excogitarent,
1427 2090 1466 2148 ut

293 2195 397 2263 verba
429 2218 468 2262 ac
501 2195 631 2262 litteras
652 2195 738 2281 legis
761 2203 994 2282 sequerentur.
1041 2197 1138 2263 Haec
1162 2198 1286 2264 usitata
1306 2219 1359 2263 res
1382 2203 1464 2278 erat,

295 2315 334 2375 ut
367 2309 640 2391 conductoribus
675 2308 843 2375 libertinis
876 2310 1024 2376 servisve
1056 2310 1139 2376 talia
1162 2311 1300 2396 negotia
1315 2310 1466 2396 gerenda

295 2423 469 2489 traderent
493 2445 580 2510 quae
603 2423 694 2509 ipsos
715 2423 877 2489 dedecere
899 2423 1100 2489 sentiebant.
1135 2423 1161 2511 6)
1195 2425 1251 2489 Ita
1274 2430 1392 2489 tamen
1422 2445 1465 2489 ne

295 2537 566 2603 sordidissimum
590 2536 729 2623 quidem
753 2537 790 2602 in
806 2537 949 2604 modum
960 2537 1144 2625 pecuniam
1155 2538 1265 2604 facere
1278 2537 1466 2624 quicquam

295 2650 393 2738 pensi
415 2649 598 2716 habebant.
622 2648 650 2737 7)

331 2894 349 2956 ι)
383 2894 433 2942 Cic.
460 2895 526 2942 Verr.
549 2893 577 2950 V,
604 2893 643 2950 18,
670 2895 717 2943 45:
746 2894 818 2958 „Noli
844 2898 956 2954 metuere,
981 2895 1100 2951 Hortensi,
1128 2911 1157 2944 ne
1174 2911 1292 2959 quaeram,
1310 2895 1352 2959 qui
1369 2895 1467 2944 licuerit

295 2979 417 3027 aedificare
442 2993 526 3025 navem
552 2977 662 3026 senatori.
696 2979 815 3042 Antiquae
840 2974 1215 3042 suntistaelegesetmortuae,
1233 2979 1466 3043 quemadmodum

295 3065 323 3111 tu
340 3061 401 3110 soles
418 3061 501 3118 dicere,
519 3075 578 3124 quac
595 3061 699 3110 vetant.''

329 3145 348 3206 ²)
383 3145 517 3194 Mommsen
529 3145 568 3204 (a.
587 3144 615 3192 G.
632 3144 656 3191 1⁸
673 3161 724 3208 pag.
743 3145 791 3194 856
808 3146 873 3204 adn.)
890 3147 1004 3194 Catonem
1017 3147 1061 3194 hoc
1075 3146 1161 3210 probro
1178 3145 1270 3194 solvere
1286 3149 1466 3210 conatumque

295 3229 347 3277 iure
374 3228 435 3276 mihi
461 3244 509 3275 non
534 3226 618 3290 liquet.
641 3228 724 3290 Ipsum
749 3231 828 3276 tamen
850 3230 992 3292 asperiorem
1010 3231 1036 3278 in
1054 3230 1147 3278 faenore
1167 3229 1292 3277 coercendo
1309 3245 1337 3277 ex
1355 3229 1467 3277 Sardinia

296 3311 376 3360 insula
389 3312 544 3360 faeneratores
561 3311 679 3373 fugavisse
695 3314 775 3358 narrat
787 3311 871 3359 Livius
887 3312 995 3372 (Xllllll,
1014 3312 1054 3371 27,
1073 3313 1096 3370 3,
1116 3315 1149 3372 4).

330 3395 349 3455 ³)
383 3393 462 3442 Senee.
480 3393 525 3456 Ep.
543 3393 606 3442 Mor.
623 3393 693 3445 Xlll.
710 3410 746 3457 ep.
765 3394 780 3441 2
798 3394 857 3456 (87),
876 3395 899 3442 9.

330 3478 350 3537 ⁴)
385 3477 436 3524 lloc
456 3477 547 3532 faenus,
572 3476 634 3538 quod
659 3477 742 3524 Latine
768 3477 857 3526 dicitur
882 3479 1010 3538 nauticum,
1036 3495 1111 3544 usque
1127 3481 1157 3529 ad
1173 3481 1336 3529 Iustinianum
1354 3478 1467 3526 nonfuit

296 3559 505 3623 circumscriptum
531 3557 560 3606 ob
583 3559 655 3607 maris
675 3567 698 3606 et
722 3561 889 3623 negotiationis
910 3561 1330 3628 aleam.01⁴.Marq.StV.II²pag
1355 3562 1396 3610 64.
1433 3563 1467 3610 De

297 3644 409 3708 „nautico
425 3641 535 3690 faenore''
552 3641 645 3706 copiose
660 3642 709 3705 egit
725 3643 826 3692 Billeter
843 3643 879 3692 l.l.
897 3661 949 3708 pag.
969 3645 1017 3693 242
1032 3662 1104 3710 seqq„
1122 3647 1170 3696 323
1190 3663 1251 3710 seqq.

330 3727 348 3786 ι)
382 3725 445 3774 Plut.
465 3725 523 3774 Catu
540 3725 595 3773 mai.
613 3725 653 3773 21.

329 3811 349 3871 ο)
383 3809 420 3858 Cs.
437 3809 516 3872 Marq.
534 3809 648 3858 Ριίνελί.2
665 3826 716 3874 pag.
736 3811 800 3869 1εο;
818 3812 906 3860 Friedl.
925 3812 961 3862 l.l.

328 3891 348 3952 ⁷)
382 3892 429 3940 Hie
455 3892 515 3940 mihi
542 3893 567 3940 in
593 3896 697 3941 mentem
722 3894 790 3942 venit
813 3895 1004 3944 narratiunculae
1020 3895 1097 3955 illius,
1114 3912 1185 3960 quam
1202 3897 1276 3944 tradit
1293 3898 1420 3946 Suetonius
1437 3899 1467 3947 tle

295 3974 437 4038 Vespasiano
452 3975 554 4038 (Vesper.
574 3976 626 4035 23):
646 3977 852 4040 „Reprehendenti
870 3977 919 4025 filio
936 3978 998 4036 Tito,
1016 3979 1167 4041 quodetiam
1185 3979 1268 4027 urinae
1284 3980 1385 4042 vectigal
1402 3996 1467 4029 eom·

295 4060 390 4105 meatus
415 4061 481 4115 esset,
508 4059 631 4120 pecuniam
658 4072 688 4106 ex
706 4060 784 4122 prima
801 4061 913 4124 pensione
929 4061 1036 4109 admovit
1052 4062 1081 4109 ad
1095 4077 1170 4119 nares,
1184 4062 1305 4110 sciscitans
1321 4079 1376 4111 aum
1393 4064 1468 4114 odore

286 4140 473 4205 offenderetum
490 4145 513 4188 et
529 4138 574 4191 illo
590 4144 689 4204 negante
702 4142 794 4206 Atquin
810 4143 890 4207 inquit
906 4159 919 4191 e
936 4143 995 4193 lotio
1015 4144 1076 4194 ουδ’.
1101 4144 1133 4194 Et
1150 4145 1176 4194 iu
1187 4145 1291 4209 Digestis
1300 4147 1337 4208 (V,
1348 4147 1370 4204 3,
1386 4145 1426 4204 27,
1438 4147 1466 4206 l)
