3296 5008
656 1393 789 1440 PARS
822 1391 1035 1440 suasu.

380 1601 527 1680 Quam
561 1621 724 1667 curam
758 1601 1014 1686 egentium
1047 1597 1321 1665 habuerint

615 1714 807 1800 privati
841 1714 1075 1780 homines.

304 1941 347 2007 In
377 1939 515 2027 publica
548 1941 724 2026 egentium
758 1962 840 2008 cura
874 1941 954 2007 satis
990 1940 1051 2006 diu
1074 1939 1276 2006 commorati
1300 1959 1430 2004 sumus.

261 2055 313 2122 De
347 2055 482 2141 privata
514 2076 622 2141 aeque
650 2056 723 2122 fuse
746 2055 883 2142 lateque
906 2055 1019 2121 dicere
1044 2075 1107 2120 nec
1132 2059 1231 2120 vacat
1254 2052 1341 2118 mihi
1365 2072 1428 2118 nco

261 2167 373 2254 placet
396 2190 505 2255 neque
528 2190 609 2236 vero
631 2191 685 2235 res
707 2170 781 2256 ipsa
802 2167 962 2255 postulat.
1010 2167 1099 2234 Cum
1122 2167 1216 2233 enim
1236 2165 1431 2233 cavendum

262 2287 312 2348 est
346 2303 389 2347 ne
423 2303 527 2368 supra
559 2281 703 2348 modum
733 2288 861 2348 crescat
884 2282 969 2348 baec
993 2281 1189 2368 disputatio,
1215 2287 1290 2346 tum
1313 2279 1431 2345 omnia

264 2416 351 2482 quae
384 2395 511 2482 privati
539 2395 696 2462 homines
718 2417 762 2462 ex
784 2417 979 2482 pauperum
1002 2416 1067 2460 usu
1091 2395 1247 2460 fecerunt
1271 2393 1334 2460 sub
1358 2413 1428 2457 uno

263 2514 403 2594 aspectu
424 2529 561 2594 ponere,
585 2509 676 2596 quod
701 2531 744 2575 ne
768 2509 805 2574 in
829 2509 893 2575 hoc
918 2509 1059 2596 quidem
1081 2515 1171 2574 statu
1197 2529 1313 2574 rerum
1332 2505 1431 2572 facile

264 2621 409 2702 videtur,
444 2628 573 2708 quanto
607 2622 779 2688 difficilius
808 2628 859 2688 est
886 2623 924 2687 in
945 2622 1113 2688 Romanis
1136 2643 1176 2688 ac
1199 2642 1307 2708 paene
1339 2619 1432 2707 quod

264 2735 336 2802 fieri
360 2757 457 2822 posse
481 2756 618 2822 prorsus
640 2736 828 2822 negaveris.
875 2736 966 2801 Nam
988 2737 1163 2801 Romanos
1175 2741 1209 2802 et
1219 2735 1310 2821 ipsos
1321 2732 1432 2799 multo

264 2849 381 2914 minus
415 2870 520 2936 quarn
554 2871 625 2930 nos,
660 2856 694 2916 et
722 2850 885 2936 privatim
914 2871 1031 2915 rursus
1053 2849 1160 2915 etiarn
1183 2847 1433 2914 multominus

266 2983 372 3049 quam
406 2961 542 3048 publice
580 2969 672 3029 certa
695 2963 846 3050 quadam
869 2963 926 3030 via
948 2984 988 3030 ac
1011 2963 1142 3029 ratione
1165 2983 1359 3049 pauperum
1381 2982 1433 3025 ra·

266 3074 417 3142 tionibus
450 3076 661 3163 prospexisse
696 3083 837 3144 constat.
883 3077 996 3143 Immo
1021 3097 1108 3164 quae
1133 3075 1270 3163 publice
1294 3074 1432 3156 fiebant,

267 3189 401 3256 etiamsi
424 3191 559 3276 proprie
579 3191 756 3276 egentium
775 3212 857 3257 cura
880 3191 947 3256 dici
970 3212 1041 3256 non
1060 3190 1175 3277 possit,
1201 3188 1306 3274 vulgo
1318 3195 1434 3254 tamen

268 3303 312 3370 ad
334 3302 490 3388 regulam
514 3303 688 3390 quandam
711 3303 968 3389 dirigebantur;
995 3325 1082 3392 quae
1104 3303 1267 3390 privatim
1288 3307 1436 3390 praesta·

268 3415 404 3498 bantur,
428 3415 632 3503 plerumque
655 3417 749 3483 nuda
772 3418 861 3484 facta
884 3424 990 3499 erant,
1016 3439 1103 3504 quae
1129 3416 1223 3482 haud
1246 3438 1327 3483 sane
1347 3415 1441 3481 inter

270 3551 304 3596 se
338 3528 576 3596 cohaerebant.
633 3529 775 3597 Accedit
809 3531 901 3618 quod
935 3531 1059 3597 divites
1092 3531 1251 3612 Romani,
1287 3551 1367 3596 cum
1401 3529 1439 3593 in

270 3642 491 3731 pauperiores
536 3643 627 3710 cives
672 3665 750 3710 suos
789 3643 954 3710 beneficia
988 3643 1222 3725 conferebant,
1258 3665 1328 3710 non
1364 3663 1440 3708 raro

270 3758 518 3844 imperatorum
554 3757 704 3842 vestigiis
737 3757 938 3824 insistebant
972 3764 1031 3824 aut
1067 3764 1155 3824 certe
1190 3779 1271 3824 oum
1306 3757 1374 3822 illis
1403 3756 1442 3821 in

272 3871 412 3958 paribus
435 3869 696 3938 liberalitatibus
718 3871 952 3938 versabantur.
1000 3872 1096 3951 Quae
1123 3872 1263 3958 quidem
1280 3871 1443 3958 nisipau·

273 3985 322 4051 cis
344 3983 571 4066 absolvamus,
596 3984 707 4066 oredo,
731 3986 795 4052 erit
811 3986 1004 4053 verendum
1020 4007 1062 4051 ne
1078 3985 1287 4051 cantilenam
1298 3984 1445 4051 eandem

274 4118 396 4168 canere
420 4097 610 4166 videamur.
