3274 4998
716 483 781 550 163
885 473 890 493 ⁴

161 663 329 729 affirmare
352 667 485 749 poterat
508 661 562 729 vel
584 662 675 750 ipsos
698 661 753 732 vel
766 683 897 728 eorum
920 665 1071 748 posteros
1094 681 1164 726 non
1187 659 1231 726 ad
1250 680 1331 746 opes

161 797 229 842 esse
265 776 502 862 processuros?
528 775 552 862 ¹)
598 776 740 842 Accedit
775 775 867 862 quod
901 795 1006 861 panes
1042 773 1189 858 siliginei
1222 773 1332 839 distri·

162 887 364 969 buebantur,
397 889 419 954 i.
444 910 473 954 e.
498 911 604 976 panes
627 896 648 954 e'
669 888 889 955 subtilissima
912 888 1023 954 farina
1046 888 1143 954 cocti.
1190 886 1226 954 Si
1249 907 1331 974 pau·

161 1001 299 1090 peribus
333 1002 493 1068 destinati
527 1009 648 1084 essent,
680 1023 844 1068 curcum
867 1001 1019 1067 maxime
1043 1000 1332 1087 tam'sumptuosi

161 1115 266 1202 panes
300 1114 559 1200 deligerentur?
583 1115 609 1203 ²)
654 1115 755 1195 Quod
790 1121 906 1181 autem
941 1115 983 1180 ad
1019 1134 1173 1180 annonas
1195 1113 1331 1194 civicas

161 1229 228 1295 iam
266 1229 382 1315 ipsum
417 1250 544 1295 nomen
576 1229 705 1295 indicat
738 1251 794 1295 eas
825 1229 862 1293 in
888 1227 1088 1294 universum
1110 1227 1153 1292 ad
1177 1227 1278 1306 cives,
1301 1225 1328 1314 8)

163 1364 230 1409 non
267 1342 311 1408 ad
347 1349 485 1427 egentes
508 1342 595 1409 solos
618 1343 830 1430 pertinuisse.
881 1341 1005 1409 Variae
1030 1341 1155 1406 harum
1178 1361 1332 1406 annona·

162 1477 239 1522 rum
258 1457 386 1543 species
399 1463 721 1523 commemorantur.
767 1454 1009 1541 Erogabantur
1022 1453 1191 1541 palatinis,
1205 1455 1231 1540 4)
1245 1453 1332 1519 mili-

162 1569 292 1635 taribus
325 1569 408 1636 viris
432 1570 456 1656 ⁶)
491 1591 549 1636 seu
586 1569 752 1636 militibus
775 1567 950 1635 nonnullis
973 1568 1009 1632 in
1034 1567 1117 1634 urbe
1143 1567 1332 1634 Constanti-

162 1681 370 1769 nopolitana,
407 1689 490 1770 puta
513 1683 637 1749 scholis
664 1683 892 1770 quibusdam
918 1681 944 1767 6)
966 1681 1049 1746 item
1073 1680 1332 1746 aedificantibus

162 1811 241 1862 cum
276 1796 312 1860 in
349 1793 431 1861 urbe
460 1797 572 1862 Roma
595 1796 621 1882 7)
645 1803 720 1862 tum
743 1797 779 1861 in
804 1795 887 1862 urbe
912 1793 1217 1882 Constantinopoli,
1243 1793 1268 1877 8)
1293 1816 1332 1860 eo

163 1909 303 1976 consilio
338 1915 377 1974 ut
410 1909 612 1976 aedificandi
647 1910 759 1976 studio
795 1909 997 1994 magnitudo
1021 1907 1115 1974 urbis
1139 1915 1331 1993 augeretur.

163 2022 268 2089 Aliud
303 2023 409 2108 igitur
442 2045 599 2090 annonae
633 2023 761 2089 civicae
797 2045 857 2110 per
891 2043 925 2089 se
961 2021 1202 2104 consideratae,
1238 2021 1333 2088 aliud

163 2137 338 2220 egentium
362 2157 454 2202 cura.
500 2136 568 2215 Qui
592 2136 734 2203 domum
758 2136 937 2202 aedificare
960 2135 1074 2222 possit,
1088 2155 1168 2201 eum
1181 2136 1332 2222 profecto

162 2271 263 2315 nemo
288 2255 445 2333 egentem
470 2250 665 2337 appellabit.
690 2250 717 2337 ο)

195 2393 214 2454 1)
249 2395 313 2442 Beire
330 2393 468 2452 Rodbertus,
486 2395 503 2444 l.
521 2395 538 2444 l.
557 2412 609 2460 psg.
629 2397 693 2445 395:
713 2396 872 2462 ,(rturelisrr),
889 2395 930 2444 der
947 2395 985 2443 bei
1002 2394 1066 2442 einer
1083 2393 1210 2458 speoiellen
1221 2393 1335 2457 Gelegen·

161 2478 210 2526 heit
226 2479 265 2526 sur
282 2478 320 2526 die
337 2477 469 2536 demaligeu
486 2479 637 2542 Studtbiirger
653 2481 725 2529 Roms
744 2481 793 2528 und
810 2480 880 2528 deren
899 2477 1154 2527 Nachkommenschsft
1172 2505 1204 2514 -
1221 2477 1334 2526 nichtsls

161 2563 240 2619 Arme,
259 2561 359 2609 sondern
377 2560 412 2608 als
429 2561 593 2625 Zeitgenossen
611 2563 687 2611 seiner
703 2563 843 2612 ssietischen
863 2562 929 2625 Siege
948 2589 979 2597 —
999 2561 1051 2610 eine
1067 2560 1335 2625 bestimmteQuantittit

162 2643 272 2692 Freibrod
290 2644 315 2692 in
333 2644 398 2692 einer
414 2641 564 2693 bestimmten
581 2646 651 2694 Form
669 2647 755 2695 stiltete
769 2682 857 2695 ......
858 2643 874 2666 ”

195 2727 214 2788 ²)
248 2726 284 2775 De
308 2727 353 2774 hoc
378 2742 437 2790 psue
463 2727 573 2791 siligineo
599 2729 694 2793 quidem
722 2729 779 2778 Mau
804 2725 1278 2794 apudPauly-wissowe,llesl·1lnoyel.
1296 2726 1335 2774 11²

163 2825 180 2858 s.
207 2825 229 2857 v.
248 2809 371 2865 Baetem,
389 2825 441 2873 pag.
460 2810 540 2862 2736:
560 2811 608 2876 ,lle
621 2812 719 2871 scheint,
737 2813 790 2860 dsss
807 2813 832 2860 in
852 2815 954 2876 spaterer
971 2811 1029 2870 Zeit,
1046 2810 1081 2858 als
1099 2826 1154 2858 man
1172 2810 1210 2858 die
1227 2811 1333 2858 Brotsor·

162 2896 202 2942 ten
219 2892 286 2941 nicht
304 2893 370 2941 mehr
384 2893 446 2940 nach
464 2894 509 2942 deu
527 2895 712 2944 Getreidesorteu
731 2895 887 2952 unterschied,
900 2893 974 2959 panis
990 2893 1115 2958 siligineus
1123 2894 1161 2942 die
1170 2893 1335 2957 allgemeinere

161 2976 299 3038 Bedeutung
323 2975 402 3023 seinen
428 2976 510 3024 Brotes
537 2978 649 3037 sunshm,
677 2977 740 3027 Hist.
767 2980 828 3042 Aug.
847 2977 929 3026 Aurel.
948 2978 988 3034 35,
1008 2978 1038 3034 1;
1056 2977 1118 3025 denn
1135 2993 1160 3025 es
1178 2977 1209 3024 ist
1225 2975 1334 3039 giinzlich

161 3057 325 3122 unglsublich,
351 3059 404 3106 dass
429 3074 483 3106 man
506 3076 547 3108 zur
568 3061 707 3125 Verteilung
723 3077 753 3110 an
771 3062 811 3110 das
829 3061 891 3110 Vollr
908 3061 946 3109 die
963 3060 1064 3123 weniger
1080 3059 1202 3108 nshrhslte
1220 3060 1268 3107 und
1286 3057 1333 3107 viel

161 3144 251 3189 teurere
269 3177 275 3190 .
294 3177 300 3190 .
317 3140 389 3204 siligo
405 3142 507 3204 gewithlt
523 3143 599 3192 haben
617 3144 694 3193 sollte.
728 3145 761 3193 So
775 3144 881 3192 erkliiren
899 3143 958 3192 anch
976 3143 1014 3192 die
1030 3142 1130 3191 Glossen
1147 3141 1272 3206 siligineus
1289 3141 1334 3190 mit

161 3218 296 3299 καθαρός
316 3223 435 3298 ἄρτος.”
470 3236 502 3283 At
518 3234 610 3284 etiamsi
628 3235 672 3283 hoc
689 3250 771 3283 verum
789 3235 829 3292 sit,
846 3250 917 3298 penes
933 3233 975 3297 qni
993 3232 1140 3282 donabantur
1157 3235 1223 3280 erunt
1231 3232 1335 3296 optimae

161 3325 239 3377 notae,
257 3335 304 3369 nou
321 3320 460 3368 secundarii
476 3319 518 3383 qui
537 3317 690 3366 vocabantur.

194 3401 214 3460 ⁸)
248 3403 287 3451 Sic
305 3402 362 3450 Cod.
380 3401 468 3451 Thood.
486 3401 503 3450 l.
519 3401 536 3450 l.
555 3402 568 3448 b
587 3401 683 3450 cives
701 3400 846 3450 Romani
867 3399 980 3464 „triginta
993 3403 1015 3448 et
1033 3415 1072 3447 sex
1090 3397 1215 3454 eucissin
1233 3395 1334 3445 bucellis

162 3501 201 3533 sex
216 3485 312 3534 mundis
329 3485 380 3534 sine
397 3485 488 3550 pretio''
506 3484 653 3532 consecuturi
666 3500 716 3532 esse
733 3484 852 3532 dicuntur.

195 3567 214 3627 ⁴)
248 3567 310 3616 Ibid.
329 3568 352 3620 7.

197 3651 215 3710 ⁵)
249 3650 310 3699 Ibid.
332 3650 422 3708 7311.

195 3733 215 3794 ο)
249 3732 605 3791 Ibid.8;s;10;11;12.

196 3815 215 3875 ⁷)
249 3815 312 3864 Ibid.
331 3817 354 3864 5.

195 3898 215 3958 8)
249 3898 557 3956 Ibid.1;11;12;13.
599 3897 635 3946 De
656 3898 701 3946 hoc
727 3913 802 3961 „pene
819 3895 959 3946 domorum''
976 3895 1030 3944 vide
1046 3895 1117 3944 etism
1134 3894 1257 3944 Krslmusr
1272 3911 1294 3942 o.
1311 3911 1333 3943 c.

161 3997 213 4046 pag.
232 3983 272 4030 45.

196 4063 215 4124 9)
249 4064 360 4113 Notabile
386 4080 479 4128 quoque
497 4065 560 4128 quod
577 4062 713 4112 Hirschfeld
731 4062 813 4112 scribit
826 4063 880 4124 (Die
897 4061 1124 4126 Sioherheitspolisei
1142 4065 1185 4110 etc.
1203 4061 1220 4110 l.
1238 4060 1273 4120 1.),
1291 4061 1333 4126 qui

161 4163 232 4210 egens
257 4147 286 4196 de
311 4147 377 4196 tituli
403 4148 533 4210 lragrnento
559 4145 586 4194 O.
612 4146 632 4195 Ι.
649 4146 676 4194 It.
694 4145 734 4203 VI,
754 4145 826 4202 lroo,
844 4147 939 4209 propter
955 4148 1028 4193 certes
1047 4145 1159 4208 quosdam
1179 4144 1333 4211 professiones

161 4234 251 4280 unave
269 4230 399 4281 nonnullos
419 4231 446 4280 in
467 4230 535 4297 penis
551 4229 729 4280 distributiones
746 4228 784 4279 ius
801 4227 911 4279 habuisse
927 4228 1017 4280 statuit
