3274 4998
838 445 902 510 148

284 621 406 688 minae
430 622 560 689 viritim
583 622 792 710 [sequuntur
817 623 970 710 quinque
982 617 1219 709 liberalitates]
1243 670 1459 690 .......

283 735 380 815 Quae
415 757 491 803 mea
528 735 703 821 congiaria
738 737 999 824 p[e]rvenerunt
1033 736 1075 801 ad
1111 736 1321 824 [hanc]num
1349 737 1460 803 millia

283 870 464 936 nunquam
488 849 604 915 minus
626 849 878 937 quinquaginta
901 855 935 915 et
959 849 1115 916 ducenta.
1141 849 1456 938 §[T]ribu[nic]iae

284 963 459 1050 potestatis
481 963 822 1030 duodevicensimum
844 962 963 1030 consul
986 983 1041 1028 xrr
1069 964 1228 1030 trecentis
1251 965 1457 1052 etvigint[']

284 1075 436 1142 millibus
470 1075 579 1163 plebis
608 1075 759 1143 urbanae
784 1076 971 1162 sexagenos
993 1076 1150 1142 denarios
1174 1077 1303 1143 viritim
1326 1078 1415 1145 dedi.
1441 1085 1457 1160 §

284 1238 491 1256 .......
531 1189 657 1256 Consul
692 1191 833 1256 tertium
856 1191 1065 1278 dec[i]mum
1088 1190 1275 1275 sexagenos
1300 1191 1458 1258 denarios

283 1278 404 1389 plessai,
440 1325 528 1390 quae
551 1309 626 1369 tum
649 1304 864 1370 frumentum
886 1304 1065 1391 publicum
1088 1303 1323 1392 accipieba[t]‚
1347 1305 1452 1380 dedi;

284 1438 324 1482 ea
344 1416 453 1482 millia
475 1416 658 1483 hominum
681 1417 796 1504 paullo
821 1417 921 1505 plura
944 1439 1049 1505 quam
1072 1418 1220 1484 ducenta
1242 1418 1413 1484 fuerunt.'’
1429 1418 1454 1504 ¹)

285 1530 472 1598 Variantur
507 1537 541 1596 et
574 1529 743 1597 vocabula
776 1531 889 1618 (plebes
921 1531 1071 1598 Romam
1093 1569 1137 1582 -
1157 1531 1244 1618 plebe
1266 1532 1389 1598 urbana
1412 1571 1456 1581 -

278 1643 391 1731 plebea,
426 1666 507 1731 quae
541 1651 610 1710 turn
637 1645 840 1730 frumentum
869 1645 1036 1731 publicum
1054 1645 1236 1731 accipiebat)
1260 1651 1294 1710 et
1316 1646 1456 1712 numeri

283 1757 466 1842 (leoninum
494 1758 592 1822 inilia
619 1779 787 1844 nunquam
809 1759 918 1824 ocinus
941 1759 1179 1844 quinquaqinta
1205 1765 1234 1824 et
1256 1759 1388 1824 ducenta
1411 1797 1457 1808 —

286 1877 418 1936 trecenta
440 1878 470 1936 et
490 1872 609 1954 oiqinti
631 1871 789 1936 444144-
812 1871 909 1937 milia
934 1873 1101 1938 hominurn
1119 1871 1221 1958 paulo
1236 1872 1337 1958 plura
1357 1895 1456 1959 quarn

283 1984 438 2070 ducenta).
463 1984 533 2051 Vix
557 1984 768 2051 eredendum
791 1991 842 2050 est
860 1985 986 2069 exiguo
998 1985 1107 2071 spatio
1119 2005 1291 2050 annorum
1303 1985 1454 2052 maxime

285 2097 608 2184 undequadraginta
631 2097 687 2183 (ab
711 2119 802 2164 anno
826 2120 856 2164 a.
881 2120 913 2164 u.
938 2119 966 2164 e.
991 2098 1115 2164 710:
1138 2119 1169 2164 a.
1193 2097 1272 2163 Chr.
1297 2119 1331 2164 n.
1355 2099 1398 2164 44
1411 2099 1456 2165 ad

285 2232 417 2276 annum
452 2233 482 2276 a.
518 2233 552 2276 u.
587 2233 616 2277 o.
651 2211 717 2278 749
741 2238 777 2272 =
800 2233 830 2278 a.
865 2211 945 2278 (ihr.
970 2233 1003 2277 n.
1028 2213 1063 2296 5)
1086 2211 1205 2276 ciuium
1226 2231 1412 2278 numerum
1435 2235 1457 2279 a

285 2324 441 2391 ducentis
477 2325 731 2412 quinquaginta
766 2324 906 2391 milibus
942 2303 991 2390 ad
1021 2324 1117 2390 milia
1151 2330 1303 2391 trecenta
1330 2325 1456 2411 viginti

285 2438 440 2505 crevisse.
464 2437 491 2524 ⁸)
536 2439 637 2518 Quod
672 2439 709 2504 ni
745 2439 794 2504 ita
816 2444 912 2517 esset,
936 2438 1114 2523 Augustus
1137 2444 1175 2504 ut
1198 2437 1290 2523 leges
1313 2460 1391 2504 suas
1413 2439 1456 2505 de

285 2552 487 2618 maritandis
521 2551 698 2618 ordinibus
735 2552 845 2640 deque
873 2552 947 2619 iure
970 2551 1156 2618 liberorum
1180 2551 1306 2638 (legem
1328 2551 1457 2618 Iuliam

285 2671 319 2732 et
353 2666 499 2753 Papiam
533 2667 744 2754 Poppaeam)
780 2666 876 2732 daret
909 2687 979 2732 non
1003 2687 1137 2731 necesse
1161 2671 1243 2731 erat.
1268 2663 1294 2752 ⁸)
1340 2665 1458 2732 Etiam

285 2847 318 2894 At
334 2861 364 2894 ne
380 2845 398 2893 ii
416 2845 511 2910 quidem
529 2846 614 2910 quiin
632 2845 710 2896 tribus
727 2849 793 2894 erant
809 2845 895 2909 recepti
913 2861 966 2893 cum
986 2843 1095 2908 ingenuis
1111 2844 1191 2892 eadem
1209 2844 1261 2892 iure
1277 2847 1350 2893 erant.
1377 2843 1460 2892 Liber·

285 2927 390 2976 tinorum
407 2928 459 2976 iura
476 2929 601 2977 identidem
622 2929 831 2986 imminuebantur,
849 2932 876 2978 ut
892 2944 946 2976 cum
965 2928 1006 2992 „in
1023 2926 1235 2991 quattuortribns'’
1246 2927 1346 2976 urbanas
1356 2927 1459 2991 „redacti

286 3014 348 3068 sunt,
366 3027 418 3060 cum
438 3016 505 3060 antea
521 3012 621 3076 dispersi
639 3028 681 3076 per
697 3028 778 3060 omnes
795 3009 920 3060 fuissent.”
946 3011 1008 3073 (niv.
1026 3011 1079 3059 Per.
1089 3010 1141 3070 XX)
1167 3010 1202 3058 De
1211 3010 1283 3058 variis
1292 3009 1459 3058 libertinorum

285 3093 378 3143 casibus
395 3095 425 3142 ci.
444 3095 555 3144 Momms.
574 3095 628 3144 StR.
651 3095 689 3142 III
706 3111 759 3160 pag.
777 3095 825 3142 434
844 3111 907 3158 seqq.

320 3176 340 3236 ¹)
373 3177 440 3226 Mon.
457 3179 515 3226 Ano.
534 3177 584 3226 Lat.
604 3179 627 3233 3,
645 3177 660 3229 7
678 3194 741 3242 seqq.
792 3233 797 3247 .

320 3261 340 3320 ¹)
373 3260 402 3308 In
420 3261 483 3308 hunc
500 3261 596 3309 modum
612 3261 683 3308 etiam
700 3260 788 3309 Priedl.
805 3260 958 3324 Sittengesch.
977 3260 1048 3308 Raros
1066 3259 1089 3307 1⁸
1101 3275 1153 3324 pag.
1164 3259 1211 3307 63:
1228 3257 1386 3323 „Schwerlioh
1394 3259 1460 3308 kann

286 3358 341 3390 man
368 3343 413 3392 mit
439 3343 573 3392 Mommsen
600 3343 709 3392 RGDA.²
733 3360 757 3408 p.
784 3343 816 3392 00
844 3359 886 3391 aus
912 3343 953 3391 der
977 3341 1034 3390 Zahl
1052 3357 1098 3390 von
1116 3341 1223 3390 320000
1241 3342 1401 3406 Empsiugern
1418 3343 1460 3392 des

286 3425 431 3489 congiarium
456 3426 490 3474 im
515 3427 538 3475 J.
565 3427 612 3479 740
638 3443 710 3490 gagen
738 3427 786 3474 250
796 3425 845 3474 000
870 3425 908 3474 bei
934 3426 979 3474 den
1007 3424 1190 3489 Vertheilungen
1215 3441 1261 3472 von
1288 3425 1336 3476 710
1353 3425 1391 3474 bis
1409 3427 1459 3478 742

286 3507 421 3564 schliessen,
447 3509 500 3557 dass
526 3525 570 3557 von
598 3509 647 3561 710
673 3509 710 3556 bis
735 3509 783 3561 740
800 3509 839 3557 ein
857 3508 1001 3556 Anwachsen
1020 3509 1060 3556 der
1076 3507 1146 3556 Plebs
1165 3523 1208 3556 von
1227 3508 1268 3556 der
1284 3507 1383 3556 letztern
1400 3507 1460 3557 Zahl

286 3592 329 3640 anf
342 3591 381 3640 die
394 3595 479 3640 erstere
495 3592 579 3656 eriolgt
596 3593 637 3648 sei,
654 3593 684 3640 de
698 3592 724 3654 ja
741 3592 814 3640 sehon
828 3591 875 3644 708
894 3591 966 3640 Cdsar
983 3591 1090 3639 320000
1108 3591 1383 3655 Gratiskornempsdnger
1405 3607 1459 3640 vor·

287 3674 343 3722 send
361 3711 367 3723 .
386 3711 392 3723 .
412 3711 418 3722 .
437 3711 443 3723 .
469 3676 518 3724 und
544 3676 582 3723 die
603 3674 775 3738 Freigebigkeit
788 3676 893 3738 Augusta
911 3675 944 3722 im
960 3674 983 3722 J.
1002 3675 1050 3726 740
1068 3673 1122 3722 sehr
1139 3673 1184 3721 wol
1202 3674 1254 3722 eine
1269 3674 1459 3737 aussergewiihn·

288 3756 350 3805 liche
366 3773 470 3821 gewesen
488 3758 537 3806 sein
555 3758 644 3807 kann?
678 3758 728 3822 ugo
745 3763 823 3806 tamen
840 3757 921 3806 minus
938 3757 1038 3820 cogitare
1049 3757 1121 3804 velim
1131 3757 1160 3804 de
1167 3757 1349 3805 extraordinaria
1358 3757 1460 3820 quadam

288 3839 432 3888 liberalitato
448 3841 549 3904 Augusti
567 3857 638 3904 quam
655 3841 683 3890 de
700 3840 784 3889 multis
800 3841 965 3905 accipientium
984 3855 1080 3888 numero
1099 3839 1160 3887 elam
1177 3839 1279 3888 insertis.
1295 3839 1364 3901 (Vide
1381 3841 1459 3904 proxi·

287 3937 351 3970 mam
369 3923 495 3986 paginam.)

320 4004 340 4063 ³)
376 4005 450 4068 „Dess
468 4006 531 4055 tliese
548 4007 723 4071 Gesetrgebung
739 4007 790 4055 sich
807 4007 849 4054 aui
863 4007 901 4054 die
917 4011 1009 4054 innern
1028 4005 1127 4053 Klassen
1146 4004 1212 4053 nicht
1223 4004 1461 4062 erstreekte,beweist

288 4086 349 4135 noch
374 4086 448 4145 nicht,
474 4089 526 4137 dass
552 4090 604 4138 dart
629 4090 667 4138 dio
692 4089 852 4153 Ehelosigkeit
879 4089 987 4152 geringer
1012 4089 1067 4136 oder
1083 4088 1121 4136 die
1137 4087 1317 4136 Fruchtbarkeit
1333 4089 1374 4136 der
1391 4088 1460 4136 Eheu

287 4171 379 4233 grosser
395 4169 467 4219 wsr.'’
501 4170 539 4220 lu
553 4171 641 4222 Friedl.
664 4172 681 4222 l.
694 4172 712 4222 1.
725 4189 777 4240 pag.
793 4173 825 4222 02
842 4176 923 4221 eontra
935 4171 1069 4221 Pdhlmann
1087 4155 1174 4222 iiberv.
1191 4187 1243 4237 pag.
1260 4170 1301 4220 48.
