3274 4998
725 505 788 587 1'21

173 697 263 779 saris,
300 720 369 785 qua
403 698 444 764 de
476 698 579 765 modo
614 697 774 766 credendi
805 697 1068 786 possidendique
1091 698 1183 766 intra
1205 697 1343 765 Italiam

173 810 345 878 cavetur''.
381 809 406 898 1)
451 811 543 890 Quid
567 813 651 878 haec
671 811 729 878 lex
752 812 959 878 continuerit
982 833 1044 898 pro
1066 817 1158 878 certo
1180 812 1345 878 affirmari

173 925 302 1012 nequit,
327 925 464 992 videtur
487 931 603 992 tamen
627 947 689 1012 pro
713 926 879 1012 cuiusque
904 925 1171 1012 possessionibus
1190 925 1342 992 sanxisse

173 1060 277 1126 quam
311 1038 495 1125 pecuniam
534 1039 610 1126 quis
644 1039 681 1103 in
716 1039 853 1105 faenore
889 1038 1015 1105 habere
1038 1038 1165 1105 liceret.
1191 1038 1217 1126 ³)
1263 1038 1343 1105 Sine

173 1151 275 1218 dubio
310 1152 395 1218 haec
429 1151 487 1217 lex
510 1152 675 1218 effecisset
695 1151 826 1239 aliquid
850 1151 941 1233 boni,
966 1153 994 1218 si
1017 1152 1215 1218 facultatem
1238 1152 1345 1218 habu·

171 1265 269 1345 isset;
308 1265 404 1330 addit
439 1271 555 1330 tamen
579 1266 717 1331 Tacitus
740 1287 817 1331 eam
838 1264 981 1332 Tiberio
999 1265 1185 1352 imperium
1206 1271 1343 1332 tenente

172 1379 272 1444 fuisse
312 1378 492 1458 „omissam
526 1378 619 1460 olim,
645 1379 727 1466 quia
753 1379 887 1465 privato
911 1379 989 1444 usui
1012 1378 1143 1444 bonum
1165 1378 1344 1466 publicum

172 1491 418 1578 postponitur.''
473 1491 631 1558 Tiberius
665 1498 782 1558 autem
817 1492 914 1558 illam
948 1493 1062 1578 legem
1096 1492 1139 1558 ab
1171 1491 1344 1559 oblivione

172 1605 351 1671 vindicans
381 1605 594 1693 paulumque
623 1606 805 1672 intendens
828 1605 855 1693 8)
882 1628 963 1693 „per
985 1612 1123 1672 senatus
1145 1605 1343 1672 consultum

174 1719 323 1806 sanxi(t),
367 1725 406 1784 ut
439 1719 667 1785 foeneratores
701 1719 786 1785 duas
820 1720 1019 1806 patrimonii
1055 1725 1168 1806 partes
1202 1719 1239 1784 in
1273 1720 1344 1787 solo

173 1831 388 1913 collocarent,
412 1831 581 1898 debitores
601 1833 744 1898 totidem
756 1834 845 1898 aeris
857 1833 960 1900 alieni
972 1833 1090 1899 statim
1101 1832 1304 1901 solverent.'’
1318 1834 1344 1921 4)

173 1945 240 2012 Res
263 1945 386 2012 misere
411 1945 454 2011 ad
477 1946 614 2011 irritum
637 1947 768 2012 cecidit.
815 1947 957 2029 Cuncta,
982 1954 1021 2013 ut
1040 1953 1217 2028 suntacto,
1231 1969 1345 2014 narra-

173 2059 223 2126 vit
240 2059 389 2125 Tacitus.
413 2061 436 2146 5)
459 2059 615 2125 Tandem
639 2060 762 2126 Caesar
785 2082 886 2147 opem
909 2060 989 2126 tulit
1007 2060 1064 2126 ille
1090 2060 1233 2148 quidem
1261 2061 1345 2141 „dis-

173 2173 282 2260 posito
305 2194 366 2259 per
389 2195 524 2239 mensas
547 2173 683 2240 miliens
705 2175 857 2241 sestertio
881 2175 1038 2261 factaque
1051 2174 1234 2239 mutuandi
1246 2175 1344 2260 copia

173 2287 245 2353 sine
280 2286 393 2353 usuris
415 2307 477 2373 per
498 2287 719 2369 triennium'’,
744 2289 803 2354 sed
826 2289 868 2354 iis
889 2294 1025 2354 tantum
1049 2287 1109 2375 qui
1132 2287 1262 2354 aerario
1288 2288 1344 2368 „in

173 2399 321 2488 duplum
342 2400 490 2487 praediis
513 2401 740 2488 cavisse(n)t.''
765 2401 792 2490 θ)

187 2582 225 2649 ΙΙ)
259 2581 313 2632 Tac.
331 2583 395 2630 Anu.
413 2581 454 2638 vl,
475 2581 514 2629 le.

205 2666 225 2726 ¹)
259 2667 296 2715 Cf.
323 2666 435 2714 Momms.
460 2667 488 2714 R.
515 2665 543 2714 G.
570 2664 620 2714 111⁸
645 2682 697 2730 pag.
716 2666 780 2723 5³7;
799 2667 878 2730 Lange
894 2685 916 2714 o.
934 2667 951 2715 l.
969 2666 1019 2715 ΙΙΙ*
1036 2683 1088 2732 pag.
1107 2667 1172 2724 435;
1190 2667 1271 2716 Billet.
1291 2667 1308 2716 l.
1326 2667 1344 2716 l.

174 2765 224 2813 pag.
252 2749 308 2802 176.
343 2749 496 2798 Mommseuii
514 2748 647 2797 coniectura
664 2750 736 2813 digua
753 2754 788 2798 est
805 2766 876 2814 quarn
896 2750 1040 2799 exscribam:
1076 2751 1140 2815 „Illir
1156 2751 1202 2799 deu
1219 2750 1344 2800 italischen

174 2832 332 2894 Geldverkehr
355 2832 435 2880 wurde
460 2831 513 2880 eine
538 2830 745 2880 Maximalsumme
771 2834 812 2881 der
834 2833 887 2881 dein
904 2833 1026 2882 einzelnen
1044 2833 1197 2898 Capitalisteu
1215 2851 1243 2882 zu
1260 2838 1344 2899 gestat·

173 2916 257 2964 lenden
274 2915 442 2963 Zinadarlehen
459 2914 605 2976 fcstgestellt,
622 2915 709 2962 welche
726 2916 777 2963 sich
795 2917 855 2963 nach
871 2917 924 2964 dem
942 2917 1019 2965 ciuem
1035 2917 1105 2979 jeden
1119 2917 1271 2981 sustandigeu
1281 2917 1345 2966 itali-

173 2998 243 3046 schen
269 2997 427 3046 Gruudbesitz
443 2997 556 3061 gerichtet
573 3013 602 3045 zu
619 2998 694 3046 haben
712 2999 804 3046 scheiut
822 2999 870 3046 und
888 2999 1010 3048 vielleioht
1026 3000 1064 3048 die
1082 2999 1163 3048 Halae
1180 3001 1220 3048 des
1237 3001 1344 3048 Werthes

173 3081 292 3130 desselben
310 3081 393 3144 betrug
410 3117 515 3130 .....
533 3080 610 3128 Wenn
628 3097 652 3128 es
669 3080 753 3144 gelang
769 3082 833 3129 diese
850 3081 1010 3130 Vorschrifteu
1020 3082 1344 3146 praktischdurclrsusuhren,

173 3181 198 3213 so
222 3165 303 3213 wurde
325 3164 392 3226 jeder
417 3163 524 3212 italische
541 3164 735 3212 Geschastsmanu
752 3165 857 3212 dadurch
873 3165 996 3228 geudthigt
1012 3181 1055 3213 vor
1071 3165 1143 3213 ollem
1161 3166 1268 3229 sugleioh
1284 3166 1345 3214 auch

173 3248 292 3296 italischcr
308 3247 491 3296 Grundbesitzer
507 3263 536 3295 su
553 3248 644 3295 werden
664 3248 713 3295 und
730 3247 768 3296 dic
785 3247 868 3296 Klasse
885 3248 926 3296 der
942 3247 1007 3296 bloss
1018 3264 1064 3297 von
1077 3249 1238 3297 ihreuZinsen
1249 3249 1344 3297 sehreu-

173 3331 218 3378 den
243 3329 398 3394 Capitalisteu
424 3329 575 3378 verschwand
601 3330 627 3377 iu
653 3329 738 3378 Italian
755 3329 872 3393 giudich.
908 3330 1029 3378 Mitlalbar
1045 3332 1124 3379 wurde
1141 3331 1216 3380 demit
1231 3332 1291 3380 auch
1308 3331 1346 3380 die

173 3415 239 3462 nicht
264 3413 359 3461 miudes
383 3412 518 3461 schddliche
545 3413 667 3476 Kalgorie
684 3414 725 3461 der
742 3413 937 3462 iibersohuldeteu
954 3415 1004 3463 und
1020 3415 1061 3463 der
1078 3415 1150 3463 Sache
1167 3416 1226 3464 uach
1244 3432 1290 3464 nur
1307 3417 1346 3464 ffir

173 3497 224 3545 ihre
241 3496 369 3560 Gliiubiger
386 3497 426 3544 das
443 3496 492 3544 out
509 3496 944 3560 verualtandeu'Gruudeigenthiimer
959 3498 1096 3546 ueseutlich
1109 3498 1255 3556 besclrriinlst
1265 3499 1344 3547 iudom

173 3580 210 3628 die
226 3579 362 3642 Glriubiger¹
379 3594 447 3627 weun
466 3578 500 3626 sie
516 3579 555 3626 ihr
571 3579 731 3642 Zinsgeschi‘slt
747 3581 879 3628 fortsiihren
896 3580 1000 3639 wollten,
1009 3583 1255 3645 gezwungenwurdeu
1269 3581 1345 3629 selber

173 3662 223 3711 sich
240 3661 412 3710 anzulsausen.”
431 3689 462 3697 —
480 3661 531 3709 Hac
548 3661 599 3725 lege
616 3663 644 3709 de
661 3678 810 3710 usuraru
820 3679 843 3710 m
862 3664 991 3727 quantitate
1008 3664 1070 3724 nihil
1085 3669 1237 3712 cautumesse
1247 3664 1345 3712 Billeter

173 3744 254 3808 probat
276 3744 302 3805 (l.
321 3743 337 3792 l.
356 3761 409 3808 pag.
429 3744 476 3796 175
495 3747 568 3808 seqq.)
585 3748 666 3794 contra
683 3744 771 3793 multos
789 3745 853 3794 viros
870 3747 957 3805 doctos,
975 3750 1002 3794 ut
1018 3747 1135 3804 Streuber,
1152 3747 1257 3810 Madvig,
1280 3747 1343 3796 Fris·

173 3826 277 3883 dltuder,
295 3827 391 3891 Drager.

205 3909 224 3968 ³)
259 3909 369 3958 Tiberius
387 3909 463 3973 legem
480 3909 568 3958 Iuliam
585 3909 684 3975 paulum
701 3911 831 3960 intendisse
848 3927 891 3960 suo
908 3912 960 3960 iure
973 3914 1071 3961 sumunt
1079 3911 1127 3960 viri
1136 3911 1205 3962 dccli.
1215 3912 1252 3962 cf.
1261 3912 1342 3963 Billet.

173 3991 190 4041 l.
207 3992 224 4040 l.
243 4009 295 4056 pag.
314 3992 369 4045 176.

206 4076 225 4136 ⁴)
260 4076 322 4123 Suet.
341 4075 393 4123 Tib.
412 4075 452 4122 48.

208 4159 226 4218 ‘t
260 4158 313 4206 ro.
333 4158 397 4205 sna.
416 4157 457 4215 vr,
476 4158 515 4216 ro,
534 4158 572 4209 rr.
592 4158 629 4206 cr.
648 4159 694 4207 nio
712 4159 776 4208 cas.
791 4159 878 4219 avus,
897 4159 936 4220 ar,
954 4162 977 4220 s,
996 4161 1018 4210 s.

206 4240 226 4301 ⁶,
260 4240 313 4291 ra.
331 4239 384 4289 1.1.
402 4240 459 4307 dp.
480 4240 517 4294 u.
