3284 5026
835 500 905 565 ‘284

283 701 350 767 que
385 680 525 761 divitias,
558 686 745 766 potestatem
768 679 972 765 (penatium)
997 676 1052 744 vel
1076 677 1201 764 coptum
1224 677 1460 762 (remedtonum)

282 793 421 860 indicat
467 789 729 880 Nonnunquam
763 791 940 858 invenitur
974 811 1076 857 sensu
1110 789 1262 869 militari,
1297 796 1336 854 ut
1365 789 1458 877 apud

284 907 454 994 Nepotem
478 905 627 992 (Belgice
653 907 808 992 tooepcc);
833 905 890 970 aed
915 906 1021 992 copiae
1044 903 1146 988 longe
1172 903 1330 970 usitatius
1349 913 1408 970 est.

327 1021 435 1108 Saepe
469 1021 563 1106 inope
596 1020 782 1106 opponitur
811 1019 943 1105 copioso,
967 1018 1125 1104 opulento,
1150 1023 1184 1084 et
1205 1018 1320 1104 inopia
1342 1019 1457 1105 copiae

282 1135 403 1223 opibus.
450 1133 565 1200 Pauca
589 1133 646 1200 hic
669 1133 840 1198 adducam
864 1131 1034 1219 exempla.

330 1249 399 1316 (lic.
424 1247 546 1314 Parad.
571 1248 602 1331 6,
627 1246 690 1313 52:

377 1361 476 1442 „Non
500 1359 602 1427 modo
625 1381 695 1426 non
719 1359 847 1446 copiosi
874 1380 913 1426 ac
937 1359 1070 1440 divites,
1095 1358 1153 1426 sed
1178 1359 1282 1426 etiam
1295 1359 1415 1446 inopes

329 1496 368 1541 ac
392 1495 559 1561 pauperes
581 1474 804 1541 existimandi
827 1473 938 1540 sunt.‘’

265 1632 267 1639 ι
328 1587 380 1653 Id.
404 1587 470 1654 Pro
490 1587 629 1666 Quinct.
654 1588 706 1667 30,
732 1589 798 1653 91:

356 1701 444 1788 x„Ut
463 1699 541 1787 plus
563 1700 666 1766 huius
688 1700 805 1786 inopia
829 1700 934 1787 possit
956 1700 1000 1765 ad
1024 1699 1295 1768 misericordiam
1308 1721 1415 1787 quam

329 1813 422 1879 illius
444 1835 525 1900 opes
547 1812 591 1879 ad
614 1812 886 1879 crudelitatem.”
966 1818 968 1822 ’
1107 1820 1109 1824 ’

333 1927 385 1993 Id.
409 1927 481 1993 Oat.
505 1927 586 1993 mai.
611 1928 641 2007 3,
667 1927 708 1992 8:

377 2041 468 2121 „Nec
491 2039 645 2106 enimin
669 2061 804 2104 summa
828 2039 945 2127 inopia
967 2039 1053 2107 levis
1078 2061 1148 2106 esse
1173 2045 1330 2106 senectus
1355 2061 1414 2126 po·

330 2161 404 2234 test,
429 2176 472 2220 ne
495 2153 639 2240 sapienti
664 2153 815 2238 quidem,
840 2175 902 2220 nec
926 2153 1112 2240 insipienti,
1139 2153 1243 2220 etiam
1266 2153 1303 2218 in
1324 2175 1414 2218 sum·

332 2290 390 2334 ma
413 2269 520 2354 copia,
545 2288 615 2333 non
639 2267 785 2352 gravis.''

331 2381 431 2449 Ovid.
451 2382 532 2447 Met.
555 2380 620 2462 III,
644 2382 730 2447 466:

378 2495 498 2577 „Quod
519 2495 632 2582 cupio,
658 2516 795 2561 mecum
818 2500 887 2560 est:
913 2494 1054 2581 inopem
1077 2516 1132 2561 me
1157 2494 1256 2581 copia
1278 2493 1389 2561 fecit.’'

329 2715 433 2800 Epeo
467 2721 501 2780 et
534 2715 627 2801 inope
660 2714 795 2800 proprie
830 2713 867 2778 in
902 2735 941 2779 eo
977 2712 1139 2781 videntur
1174 2712 1321 2794 differre,
1365 2712 1457 2800 quod

287 2827 411 2915 aliquis
444 2850 488 2894 ex
522 2828 629 2915 inope
661 2849 765 2913 egens
799 2827 857 2906 fit3
890 2827 1007 2913 inopia
1030 2826 1124 2893 enim
1148 2832 1332 2911 egestatem
1357 2827 1457 2913 parit.

286 2941 498 3028 Exemplum
521 2941 664 3008 afferam
688 2963 808 3022 unum,
832 2940 892 3007 sed
915 2939 1141 3008 luculentum.
1188 2941 1352 3026 Legimus
1364 2940 1457 3027 apud

286 3056 487 3123 Ciceronem
512 3056 576 3140 (De
600 3056 676 3122 Inv.
701 3056 728 3135 Ι,
751 3056 805 3135 47,
830 3056 907 3136 88):

378 3169 496 3249 ,flium
516 3168 668 3235 dicebas:
693 3169 729 3234 Si
751 3168 913 3252 indigetis
933 3169 1109 3255 pecuniae,
1134 3168 1317 3255 pecuniam
1341 3189 1411 3233 non

329 3282 481 3364 habetis;
518 3283 583 3350 hoo
610 3281 875 3367 intellegebam:
899 3281 935 3348 Si
958 3288 1167 3369 propter
1190 3281 1412 3368 inopiam

328 3397 376 3462 in
401 3402 627 3481 egestate
651 3397 739 3476 estis,
765 3396 950 3482 pecuniam
973 3417 1042 3462 non
1068 3394 1210 3477 habetis,
1236 3395 1411 3462 etidcirco

333 3509 595 3577 concedebam.”

330 3625 454 3711 Itaque
479 3623 583 3689 homo
606 3645 695 3709 epona
719 3623 829 3708 magis
852 3622 985 3689 laborat
1000 3623 1219 3710 quamtnopa.
1245 3623 1361 3688 Etiam
1376 3621 1456 3688 inde

283 3737 446 3823 colligere
467 3737 532 3804 hoc
556 3758 746 3824 possumus,
772 3736 864 3823 quod
887 3738 1001 3824 inopte
1023 3743 1057 3803 et
1079 3743 1202 3827 cyculus,
1229 3736 1459 3823 quotiescum·

285 3873 352 3939 que
388 3858 583 3932 occurrunt,
615 3851 709 3917 haud
733 3850 799 3916 alio
823 3851 942 3917 ordine
965 3849 1138 3936 leguntur,
1162 3850 1359 3937 frequenter
1382 3871 1458 3936 par·

283 3964 390 4031 ticula
424 3987 459 4031 oo
493 3965 547 4032 vel
586 3972 681 4052 atque
702 3965 791 4030 inter
818 3986 853 4030 se
877 3964 1047 4050 copulata.
1092 3965 1183 4030 Nota
1206 3985 1259 4030 res
1282 3969 1342 4045 est,
1366 3964 1457 4030 hanc
1507 3991 1513 3998 ¹

284 4079 493 4165 particulam
516 4101 616 4166 saepe
640 4079 684 4144 ad
707 4079 907 4164 augendum
930 4078 985 4146 vel
1008 4077 1259 4145 cumulandum
1282 4077 1407 4144 valere.
1431 4076 1457 4163 ¹)

287 4237 291 4242 μ
318 4259 338 4321 ¹)
373 4259 410 4309 of.
429 4258 538 4315 Ruhner,
556 4259 624 4308 Auel.
642 4259 746 4308 Gmmm.
764 4259 788 4308 d.
804 4258 845 4308 lat.
862 4251 915 4324 Spr.
931 4259 957 4307 Π
974 4261 985 4320 t
1003 4259 1059 4317 158,
1076 4259 1100 4308 4.
