3296 5008
705 1670 823 1736 Orrur
852 1670 899 1736 ΙΙ.

538 1898 676 1984 Sinonia
700 1898 931 1964 liberalitatem
948 1919 1073 1984 uenero.

261 2150 337 2216 Iam
362 2151 617 2217 transeuntibus
629 2151 672 2216 ad
684 2150 820 2235 singula
831 2149 1076 2216 liberalitatum
1088 2169 1223 2233 genera,
1237 2151 1277 2213 ut
1289 2145 1387 2212 omit·

217 2249 430 2331 tam'aediles
447 2263 471 2351 ¹)
486 2286 571 2352 quos
583 2286 834 2351 nonnunquam
849 2265 886 2329 in
899 2263 1037 2330 caritate
1050 2283 1157 2350 parvo
1170 2262 1386 2326 frumentum

216 2377 409 2445 vendidisse
434 2379 569 2460 soimuS,
595 2377 621 2465 ⁹)
644 2380 797 2466 primum
820 2377 919 2444 nobis
942 2382 1020 2443 ante
1034 2375 1150 2443 oculos
1161 2374 1386 2441 obversantur

216 2493 330 2559 variae
355 2491 562 2559 cibariorum
586 2491 850 2573 distributioneS,
875 2492 1049 2571 frumenti,
1075 2489 1149 2572 olei,
1166 2488 1287 2570 carnia,
1301 2487 1383 2566 vini,

216 2606 442 2692 pecuniarum
467 2627 614 2694 quoque,
638 2605 666 2693 8)
689 2613 765 2672 tum
788 2605 919 2693 epulae,
944 2605 970 2691 4)
994 2625 1149 2684 munera,
1173 2602 1257 2684 ludi,
1283 2623 1386 2668 vena·

226 2969 229 2974 ¹
251 2901 269 2964 ι)
303 2902 446 2968 Exemplum
464 2903 547 2951 habeas
565 2902 615 2951 Oia.
633 2903 669 2950 De
686 2901 733 2950 Off.
751 2902 784 2960 II,
802 2901 842 2960 17,
860 2902 907 2950 58:
927 2888 980 2966 „Ne
996 2900 1032 2950 M.
1050 2899 1146 2964 quidem
1164 2899 1217 2949 Seio
1234 2898 1292 2947 vitio
1304 2898 1386 2948 dutum

215 2993 257 3046 est,
283 2989 347 3052 quod
363 2989 389 3036 in
407 2988 502 3036 caritate
519 3003 570 3035 asse
586 2987 691 3035 modium
710 2986 799 3052 populo
816 2987 879 3036 dedit
888 3007 894 3044 ;
913 3003 998 3050 magna
1014 2985 1079 3034 enirn
1096 3001 1121 3034 se
1137 2988 1161 3034 et
1177 2985 1306 3033 inveterata
1322 2983 1385 3031 invi·

215 3071 253 3119 dia
270 3087 314 3119 neo
330 3071 395 3135 turpi
412 3071 516 3127 iactura„
528 3070 621 3134 quando
638 3073 687 3118 erat
703 3069 795 3128 aedilis,
813 3086 856 3118 neo
873 3070 975 3118 maxima
992 3067 1125 3118 liberavit.'’

248 3156 270 3212 ²)
302 3154 337 3202 'Ut
362 3154 427 3202 enim
452 3169 522 3218 supra
548 3153 595 3200 iam
621 3153 757 3201 monuimus
774 3157 835 3218 (pag¹
852 3153 900 3200 130
917 3169 971 3200 enrn
989 3153 1043 3201 adn.
1061 3153 1093 3212 3),
1111 3150 1197 3200 aediles
1214 3166 1268 3198 oum
1285 3149 1319 3198 rei
1337 3149 1385 3196 sru-

214 3237 342 3285 mentariae
364 3238 522 3295 mederentur,
547 3253 595 3284 non
621 3252 712 3300 semper
738 3237 794 3285 satis
820 3235 966 3300 exploratum
984 3239 1018 3284 est
1035 3240 1116 3284 utrum
1133 3233 1229 3299 publioo
1246 3249 1277 3282 an
1294 3233 1385 3297 privato

214 3324 311 3384 sumptu
329 3320 354 3368 id
371 3321 479 3368 fenerent.

247 3401 267 3464 ³)
301 3403 425 3451 Eiusmodi
451 3402 588 3466 largitiones
613 3402 786 3466 congiariorum
812 3403 908 3450 nomine
928 3401 1093 3467 comprehendi
1112 3417 1178 3465 posse
1195 3417 1208 3449 e
1225 3399 1385 3464 superioribus

214 3487 262 3534 iarn
288 3487 399 3534 novimus
425 3487 528 3550 itemque
550 3502 580 3534 ne
605 3502 631 3533 ea
656 3485 752 3549 quidem
772 3485 841 3534 saoile
858 3501 949 3550 semper
965 3485 1091 3534 diiudicari
1108 3501 1175 3550 posse
1193 3487 1273 3532 utrum
1291 3483 1387 3548 publiea

214 3586 244 3618 arr
262 3570 354 3634 privata
367 3574 449 3618 essent.
485 3569 558 3617 Initio
576 3585 631 3616 sane
647 3572 696 3617 erat
711 3569 803 3632 privata
820 3569 989 3618 munificentia.
1024 3568 1061 3617 cf.
1079 3585 1130 3633 pag.
1149 3567 1204 3616 181.

247 3664 267 3723 ⁴)
301 3663 366 3712 Plut.
392 3663 459 3712 Sulla
485 3664 532 3712 85:
563 3651 739 3718 ηἈσοθὺων
769 3649 801 3712 δὲ
827 3660 882 3721 τῆς
903 3649 1000 3720 οὐσίας
1020 3652 1142 3722 ἁπάσης
1162 3650 1176 3710 ὁ
1198 3649 1322 3718 Σύλλας
1343 3656 1385 3726 τῷ

213 3745 356 3820 Ἡρακλεῖ
374 3745 502 3816 δεκάτην
523 3745 669 3816 ἑστιάσεις
689 3745 811 3806 ἓτοιεῖτο
825 3755 868 3824 τῷ
881 3748 966 3825 δήμῳ
978 3752 1151 3816 πολυτελεῖς
1166 3766 1171 3777 ·
1185 3745 1233 3808 καὶ
1243 3751 1385 3804 τοσοῦτον

214 3839 339 3915 περιττὴ
359 3827 394 3908 ἦν
415 3843 432 3908 ἡ
453 3842 626 3917 παρασκευὴ
647 3851 701 3911 τῆς
722 3847 835 3923 χρείας,
858 3843 936 3903 ὥστε
958 3847 1137 3919 ταμτληὲιή
1158 3842 1232 3904 καθ’
1254 3839 1385 3912 ἑκάστην

213 3936 324 4012 ἡμέραν
359 3935 389 4008 ἒς
425 3935 477 3998 riv
508 3937 647 4015 ποταμὸν
678 3939 731 4018 ὄψα
764 3942 945 4016 ῥιπτεῖσθαι,
978 3944 1117 3999 τίνεσθαι
1147 3935 1179 3998 δὲ
1211 3927 1281 3996 οἶνον
1312 3933 1385 3998 ἑτῶν

215 4035 444 4109 τεσσαράκοντα
485 4035 534 4098 καὶ
566 4035 789 4110 ταλαιοτερον.”
817 4078 848 4085 -
868 4049 915 4098 Dio
941 4048 1006 4097 cass.
1032 4047 1153 4104 XXXVII,
1180 4047 1219 4104 51,
1249 4048 1280 4095 4:
1312 4033 1385 4102 ηκὰν

213 4136 256 4207 τῷ
287 4127 366 4208 αὐτῷ
393 4132 489 4210 τούτῳ
519 4133 616 4212 χρόνῳ
646 4138 676 4194 1⁸·
704 4149 727 4181 1¹·
754 4149 774 4182 ⁰·
801 4133 850 4180 ⁶94
876 4152 908 4176 =
926 4148 946 4180 ε·
965 4131 1021 4179 0¹1¹·
1040 4147 1063 4180 1²·
1083 4130 1124 4191 60)
1142 4128 1278 4200 Φαῦστος
1300 4129 1313 4191 ὅ
1332 4136 1385 4190 τοῦ

214 4226 334 4288 Σύλλου
364 4239 434 4299 ταῖς
463 4227 567 4305 ἀγῶνά
599 4248 633 4288 τε
662 4230 851 4307 μονομαχίας
871 4222 918 4286 ἒσὶ
938 4232 981 4304 τῷ
1001 4225 1093 4303 πατρὶ
1113 4221 1242 4304 ἓτοίησε,
1264 4223 1385 4290 καὶτὸν
