3274 4998
833 491 898 556 182

272 665 496 734 discernende
523 669 665 756 quidem
689 674 770 736 sunt
792 668 877 735 heco
900 669 975 750 trie,
999 669 1181 752 aeterium,
1207 669 1318 753 fiscus,
1342 671 1446 758 petri·

273 781 431 847 monium
457 787 638 871 ceteraque
659 804 712 849 res
732 783 868 870 privata
892 783 1066 860 (laeserim
1092 781 1119 870 ¹)
1143 790 1245 851 etex
1269 784 1351 852 fiseo
1374 807 1445 852 non

272 893 388 960 minus
411 915 517 981 quem
539 917 584 962 ex
606 896 736 962 serario
758 895 931 982 impensas
953 895 1110 982 publicas
1134 895 1293 962 toleratus
1316 919 1386 964 esse
1407 898 1445 962 in

271 1006 451 1074 Prooemio
484 1008 556 1074 iam
590 1010 798 1076 monuimus,
844 1009 984 1077 Privata
1021 1031 1102 1077 vero
1126 1010 1311 1076 Caesarum
1334 1031 1388 1077 res
1410 1017 1445 1077 et

271 1119 344 1206 ipsa
379 1120 530 1207 quodam
564 1122 666 1188 modo
700 1121 839 1209 publice
872 1121 974 1188 fuisse
1009 1123 1077 1189 diei
1112 1129 1223 1210 potest
1235 1145 1244 1204 ;
1268 1121 1297 1210 ²)
1336 1124 1444 1204 immo

272 1233 385 1300 nescio
408 1254 453 1300 an
476 1235 647 1322 principes
669 1235 843 1302 aerarium
865 1237 1011 1323 pecunia
1034 1258 1096 1302 sua
1119 1237 1277 1304 iuvantes
1294 1237 1442 1324 —quod

272 1347 408 1434 saepius
441 1349 571 1414 fectum
601 1371 672 1416 esse
706 1349 853 1435 legimus
888 1389 931 1399 -
954 1348 982 1436 8)
1006 1350 1108 1417 officii
1131 1351 1246 1437 potius
1269 1350 1444 1438 quoddam

273 1481 401 1527 munus
423 1463 575 1529 exsecuti
598 1485 668 1529 esse
693 1484 798 1550 quern
821 1462 1006 1530 voluntarii
1017 1463 1195 1549 largitores
1210 1465 1313 1530 fuisse
1327 1465 1439 1530 existi·

273 1575 392 1640 mendi
422 1576 500 1642 sint.
523 1576 550 1663 ⁴)
596 1577 698 1662 Ergo,
722 1585 762 1643 ut
784 1578 828 1643 ad
851 1578 1066 1664 propositum
1087 1577 1236 1654 redeam,
1260 1578 1442 1665 imperato-

272 1709 352 1754 rum
386 1688 528 1776 quidem
561 1695 671 1756 aetate
704 1691 878 1776 congiario
912 1691 1087 1779 publicam
1121 1712 1241 1757 curem
1269 1691 1441 1779 appellare

272 1822 342 1868 non
377 1801 506 1870 dubito.
532 1805 556 1890 ⁵)
601 1803 685 1870 Mox
715 1811 832 1870 autem
855 1804 1020 1872 beneficia
1042 1803 1102 1870 ille
1124 1827 1164 1870 eo
1188 1811 1380 1886 evaserunt,
1404 1811 1444 1870 ut

272 1921 452 2002 tamquam
485 1916 539 1982 ius
571 1939 593 1983 a
622 1917 721 2004 plebe
744 1917 998 2005 postularentur
1020 1918 1246 2005 Oeeseresque
1269 1940 1340 1984 non
1363 1939 1440 1985 raro

306 2090 327 2146 1)
360 2087 396 2135 De
420 2088 517 2147 serario,
543 2089 607 2145 fisco,
632 2089 776 2153 patrimonio
792 2093 912 2153 eetersque
929 2105 953 2136 re
969 2089 1062 2153 priests
1078 2088 1184 2137 Ouesuris
1201 2089 1350 2137 conferentur
1367 2117 1399 2126 —
1417 2096 1444 2139 ut

270 2168 330 2218 ulios
355 2170 464 2220 omittam
492 2198 524 2208 -
551 2171 684 2220 Mommsen
710 2171 765 2220 stu.
791 2171 827 2220 11³
853 2189 905 2236 pag.
931 2171 979 2224 997
1003 2170 1443 2237 seqq.;l1srqnnrdtl.l.png.302

271 2267 351 2316 seqq.;
369 2253 507 2303 Hirschfeld
523 2253 551 2302 V.
568 2254 597 2303 G.
614 2255 627 2302 1
644 2270 697 2318 png.
716 2255 728 2302 l
748 2271 827 2319 seqq.;
847 2254 944 2316 Her-rog,
962 2255 1046 2302 Gesch.
1064 2271 1088 2303 u.
1106 2254 1168 2318 Syst.
1186 2255 1209 2303 d
1227 2258 1286 2303 rdm.
1299 2255 1443 2314 Stustsvers„

270 2334 296 2382 Π
312 2351 380 2400 pagg.
399 2336 448 2385 212
466 2353 538 2402 seqq„
556 2338 604 2386 661
623 2353 686 2402 seqq.

303 2427 324 2486 ²)
359 2426 487 2476 Herodisn.
505 2428 538 2487 ΙΙ,
556 2431 581 2486 4,
599 2429 613 2480 7
631 2429 660 2477 do
676 2429 810 2477 Pertinace:
824 2430 902 2490 ητοῖς
912 2441 947 2479 τε
958 2419 1124 2492 βασιλικοῖς
1135 2421 1288 2496 κτήμασιν
1298 2418 1443 2482 ἐκώλυσεν

272 2515 362 2574 αὐτοῦ
392 2515 521 2594 τοῦνομα
548 2513 781 2597 ἐπιγράφεσθαι,
803 2517 889 2577 εἰπὼν
909 2515 985 2576 αὐτὰ
1006 2515 1057 2578 οὐκ
1077 2517 1136 2576 ἴδιοι
1157 2523 1210 2576 τοῦ
1229 2517 1443 2590 βασιλεύοντος

273 2603 351 2687 εἶναι,
373 2611 455 2672 ἀλλὰ
481 2611 560 2676 κοινὰ
580 2614 630 2676 καὶ
649 2614 777 2691 δημόσιοι
798 2621 853 2683 τῆς
871 2614 1023 2690 Ῥωμαίων
1042 2613 1168 2693 ἁρχὴς.”
1203 2621 1316 2670 Momme.
1333 2620 1442 2686 [ιρις.

274 2709 355 2758 1008ι
382 2711 444 2774 „Die
468 2711 553 2760 beiden
569 2711 703 2776 moglicheu
720 2711 920 2774 Formulirnngen
934 2710 1003 2773 jener
1020 2711 1087 2759 mehr
1103 2710 1153 2758 und
1169 2710 1238 2758 mehr
1256 2711 1281 2759 iu
1299 2711 1354 2759 dem
1371 2710 1442 2758 Prin·

272 2793 336 2856 cipst
351 2810 394 2842 zur
410 2793 515 2859 Goltnng
531 2794 689 2858 gelungenden
706 2794 887 2853 identification,
904 2794 1020 2843 eutweder
1037 2793 1095 2842 elles
1112 2793 1229 2856 Stsstsgut
1237 2793 1273 2842 uls
1282 2793 1442 2857 Privuteigen·

271 2875 339 2925 thum
358 2877 398 2926 des
414 2877 509 2926 Ksisers
526 2894 555 2926 su
571 2879 649 2926 sussen
666 2879 722 2927 oder
738 2879 782 2926 den
799 2878 913 2942 Princeps
930 2893 959 2926 zu
976 2877 1109 2926 betrschten
1127 2875 1163 2925 uls
1175 2877 1274 2940 unsdhig
1282 2876 1441 2940 Prirsteigen·

270 2959 340 3008 thum
361 2976 390 3008 nu
408 2961 519 3019 besiteen,
532 2961 613 3010 lnnfen
629 2961 765 3010 wesentlioh
782 2961 825 3010 eud
839 2959 945 3009 dusselbe
961 2960 1047 3009 hirsus
1066 2996 1172 3009 .....
1173 2960 1189 2980 ”
1224 2959 1300 3023 Msrq.
1317 2959 1335 3008 l.
1353 2959 1371 3008 l.
1388 2975 1441 3024 pag.

272 3043 336 3091 310:
364 3043 509 3108 „Ucbrigeus
534 3045 566 3094 ist
591 3045 632 3093 der
656 3044 747 3106 Begriff
765 3045 806 3093 des
823 3043 1027 3107 Hsusvermdgens
1043 3043 1184 3092 ubsichtlich
1202 3043 1301 3092 niemsle
1316 3042 1442 3105 juristisch

271 3126 367 3176 definirt
392 3130 501 3187 worden3
529 3145 554 3177 es
580 3128 619 3192 leg
643 3128 669 3176 in
691 3129 732 3176 der
749 3129 803 3176 ldee
820 3128 860 3177 des
878 3127 1048 3184 Keiserthnms,
1066 3127 1104 3174 die
1121 3127 1209 3175 Person
1226 3127 1266 3175 des
1283 3125 1378 3174 Keisers
1397 3125 1443 3174 ruit

271 3209 323 3258 dem
348 3210 424 3260 Stante
448 3228 477 3260 nu
495 3212 661 3270 identificiren,
677 3211 722 3260 wie
739 3211 789 3260 dies
806 3211 850 3260 seit
866 3210 967 3274 Ludwig
984 3209 1046 3259 XIV.
1061 3210 1087 3258 in
1104 3210 1145 3258 der
1162 3209 1286 3258 obsoluteu
1303 3208 1442 3258 Monarchie

270 3293 311 3342 der
336 3310 438 3344 nsueren
463 3295 515 3344 Zeit
541 3296 626 3344 wieder
651 3294 809 3344 vorkommt.”
844 3295 921 3343 Immo
938 3310 997 3358 quse
1013 3293 1148 3342 Ludovicus
1166 3293 1229 3342 XIV.
1247 3293 1334 3342 dixisse
1350 3293 1440 3341 fertur:

270 3361 368 3441 „L’blat
385 3378 440 3428 o'est
457 3378 523 3427 moi''
540 3406 573 3415 -
592 3395 618 3427 eu
635 3378 705 3427 verbs
722 3380 818 3426 fortusse
835 3377 906 3426 etism
923 3377 1003 3449 megis-
1016 3377 1103 3425 cadunt
1120 3376 1145 3424 iu
1155 3376 1306 3440 imperotores
1314 3375 1441 3424 Romanos.

301 3459 322 3520 ⁸)
355 3460 391 3508 De
408 3461 472 3510 hisce
488 3461 599 3510 omnihus
616 3461 671 3510 vide
687 3461 838 3510 Prooemium
855 3477 908 3525 peg.
927 3462 950 3509 5.

304 3543 325 3601 ⁴)
358 3544 480 3610 Principes
507 3545 571 3610 ipsos
596 3543 654 3593 tulis
680 3545 776 3593 fortusse
800 3548 823 3592 et
846 3543 873 3592 in
890 3543 1057 3592 beneficiorum
1075 3542 1126 3590 loco
1144 3555 1278 3592 numerasse
1294 3545 1316 3590 et
1334 3540 1379 3590 sibi
1397 3557 1441 3607 pro

268 3628 388 3679 benefieiis
413 3629 463 3677 deri
489 3627 593 3676 voluisse
612 3627 676 3676 houd
692 3627 825 3676 abnuerim.
860 3627 943 3690 Cogite
959 3627 988 3676 de
1004 3627 1035 3674 iis
1052 3641 1112 3690 quoe
1128 3626 1157 3675 de
1173 3625 1337 3674 munificentie
1355 3640 1397 3674 sue
1414 3624 1441 3673 in

268 3713 424 3762 Monumento
446 3714 571 3776 Ancyrsno
589 3711 707 3776 praedicet
723 3713 852 3774 Angustus,
870 3716 894 3759 et
910 3712 940 3759 cs.
958 3710 1050 3774 Herzog
1066 3709 1084 3758 l.
1102 3708 1119 3758 l.
1137 3725 1204 3774 pagg.
1223 3709 1271 3758 215
1290 3725 1363 3774 seqq„
1381 3708 1439 3758 663.

302 3798 321 3858 ⁶)
355 3797 475 3860 Angustus
500 3795 618 3860 congiario
643 3811 693 3853 sus,
715 3810 774 3858 quse
801 3798 923 3842 enumeret
951 3794 1017 3842 Mon.
1044 3795 1103 3842 Ano.
1121 3793 1171 3842 Iut.
1190 3793 1213 3850 3,
1230 3792 1245 3845 7
1263 3809 1335 3856 seqq„
1352 3792 1440 3856 purtim

267 3881 296 3929 de
314 3895 365 3937 sno,
382 3881 468 3944 partim
486 3894 514 3927 ex
530 3878 648 3928 bellorum
666 3877 778 3926 monibiis
795 3877 960 3942 suppeditavit.
995 3859 1132 3925 Antoninis
1149 3875 1207 3924 Pius
1226 3875 1386 3940 „congiarium
1398 3891 1440 3939 po·

267 3961 326 4028 pulo
352 3963 380 4011 do
405 3963 500 4028 proprio
517 3961 606 4012 dedit?
640 3961 750 4027 (Capitol.
769 3963 856 4010 Anton.
875 3961 933 4009 Pius
950 3962 974 4019 4,
992 3960 1025 4019 9.)
1059 3960 1124 4009 Num
1141 3960 1205 4008 idem
1222 3959 1304 4030 fecisse
1322 3957 1440 4022 punndue

267 4049 304 4095 est
334 4045 428 4094 Murcus
455 4045 574 4103 Aurelius,
600 4045 629 4094 de
654 4061 701 4109 quo
726 4044 876 4109 Capitolinus
902 4044 947 4106 (Μ.
969 4044 1058 4092 Anton.
1075 4043 1165 4092 Philon.
1185 4043 1225 4101 27,
1244 4043 1284 4103 8)=
1303 4041 1381 4107 „Filio
1396 4057 1440 4090 suo

267 4127 357 4177 Bruttii
368 4153 371 4159 ·
383 4128 514 4177 Praesentis
539 4129 617 4177 filium
639 4127 718 4177 iunxit
735 4127 825 4192 nuptiis
842 4127 965 4176 celebretis
982 4125 1089 4191 exemplo
1104 4125 1259 4191 priuatorum,
1281 4139 1352 4190 quere
1368 4123 1440 4174 etism

266 4211 413 4276 conglorium
445 4211 511 4260 dedit
536 4210 669 4276 populo.''l
703 4211 737 4260 At
761 4212 809 4260 lere
834 4210 1007 4276 congisriorum
1031 4209 1152 4276 impendis
1175 4210 1231 4260 fisco
1256 4208 1440 4260 sustinebantur.
