3296 5008
860 517 926 584 200

303 695 340 761 in
374 696 525 762 confesso
548 700 607 762 est.
655 695 771 763 Rebus
795 696 843 762 ita
865 718 899 762 se
923 695 1129 763 habentibus
1152 695 1370 783 aliquantum
1394 695 1474 762 hae·

304 808 403 876 sitavi
424 815 540 874 utrum
564 809 656 875 hunc
678 809 794 876 locum
817 809 938 876 leviter
960 810 1165 894 attingerem
1189 831 1234 874 an
1257 808 1416 874 subtilius
1433 808 1474 875 de

304 943 344 988 eo
367 922 587 1008 disputarem.
632 923 723 988 Nam
747 922 860 1010 quoad
883 921 1046 989 alimenta
1058 944 1093 988 re
1107 943 1188 991 vera
1200 921 1377 1007 egentium
1387 942 1470 988 cura

304 1034 468 1122 appellari
503 1041 652 1121 possunt,
689 1036 888 1121 dignissima
920 1036 1080 1102 videntur
1104 1035 1229 1123 quibus
1251 1035 1471 1117 insistamus;

305 1148 418 1235 quoad
452 1169 533 1215 vero
566 1149 610 1214 ad
645 1148 766 1216 urbem
795 1150 944 1215 Romam
967 1171 1036 1215 non
1061 1148 1269 1236 spectabant,
1293 1170 1333 1214 ea
1357 1148 1476 1235 paucis

304 1260 512 1329 absolvenda
534 1283 604 1328 esse
629 1261 764 1328 dixeris.
812 1263 1026 1329 Momentum
1048 1262 1128 1329 fecit
1142 1261 1386 1328 alimentorum
1398 1262 1472 1348 ipsa

304 1375 356 1442 vis
390 1381 424 1442 et
460 1380 593 1441 natura.
640 1375 747 1442 Erant
771 1376 865 1442 enim
888 1375 1051 1442 alimenta
1076 1381 1148 1441 tam
1170 1375 1288 1460 gravia
1314 1396 1377 1441 nec
1401 1396 1473 1442 non

304 1489 348 1554 ad
371 1494 615 1572 argumentum
638 1496 790 1555 nostrum
813 1496 884 1555 tam
909 1489 1088 1556 manifesto
1110 1488 1336 1575 pertinebant,
1362 1495 1402 1555 ut
1413 1488 1473 1554 illa

305 1602 446 1689 quidem
470 1622 538 1689 quo
554 1602 669 1668 minus
682 1603 779 1690 quasi
792 1602 1078 1690 praetervolarem
1091 1603 1127 1667 iu
1141 1603 1298 1668 animum
1310 1601 1472 1668 inducere

304 1737 373 1782 non
398 1715 629 1782 sustinuerim.

347 1827 434 1895 Urbi
456 1829 597 1910 Romae,
622 1835 790 1894 terrarum
815 1829 961 1914 reginae,
987 1829 1080 1916 quod
1102 1834 1216 1895 cetera
1236 1827 1336 1894 Italia
1358 1866 1403 1878 -
1426 1850 1469 1894 ex

304 1963 373 2029 qua
396 1942 467 2027 ipsc
491 1947 584 2007 ortus
607 1948 746 2008 erat-
769 1965 903 2029 semper
927 1945 1186 2029 postponeretur
1201 1942 1341 2027 indigne
1353 1941 1471 2008 tulisse

301 2055 438 2124 videtur
471 2055 585 2122 Nerva
622 2057 817 2143 imperator.
843 2054 869 2143 1)
892 2056 997 2122 Cuius
1020 2055 1209 2122 rationibus
1232 2062 1271 2121 ut
1293 2056 1365 2142 ipse
1390 2077 1471 2122 con·

301 2168 435 2250 suleret,
464 2168 613 2255 ,puellas
625 2191 815 2256 puerosque
829 2177 926 2236 natos
942 2168 1141 2256 parentibus
1157 2169 1317 2254 egestosis
1330 2175 1471 2255 sumptu

301 2281 438 2368 publico
479 2303 539 2368 per
572 2282 690 2349 Italiae
721 2283 848 2370 oppida
870 2283 916 2348 ali
938 2283 1066 2348 iussit.’'
1091 2281 1117 2368 3)
1166 2281 1397 2348 Confirmatur
1417 2304 1469 2348 res

301 2416 445 2461 nummo
481 2395 640 2482 quodam,
676 2396 712 2461 in
747 2398 843 2462 cuius
878 2418 994 2463 aversa
1020 2401 1114 2483 parte
1137 2395 1323 2482 imperator
1353 2395 1469 2463 Nerva

301 2508 484 2575 exhibetur
528 2507 628 2575 sellae
664 2509 776 2576 curuli
809 2510 960 2576 insidens
996 2509 1242 2595 dexteramque
1278 2510 1467 2576 extendens

300 2644 418 2690 versus
462 2621 643 2689 mulierem
681 2623 854 2709 (italiam),
889 2625 980 2690 inter
1013 2629 1199 2709 utrumque
1237 2622 1402 2709 puerulus
1435 2628 1469 2689 et

300 2735 433 2823 puella;
459 2735 620 2802 adiuncta
643 2742 693 2802 est
714 2737 890 2824 inscriptio
913 2756 1049 2808 rvrnnn
1072 2755 1229 2802 maman.
1253 2733 1281 2822 8)

298 2915 411 2965 vocabulo
428 2932 451 2980 q.
473 2933 493 2965 e.
510 2916 630 2966 institutio
646 2917 806 2968 alimentaria.
835 2917 960 2966 Institutio
969 2918 1034 2966 enim
1042 2916 1072 2967 ab
1081 2916 1181 2981 optimis
1190 2915 1326 2965 Latinitatis
1334 2915 1468 2965 auctoribus

298 2999 372 3048 activa
388 3003 480 3047 tantum
497 3000 601 3063 ponitur,
619 3016 666 3048 non
685 3000 783 3064 passive.
819 3001 856 3050 ct.
873 2999 1076 3059 Xrebs-Schmala,
1095 2998 1219 3048 Antibarb.
1238 2999 1261 3048 d.
1273 2998 1354 3048 latein.
1368 2999 1467 3063 Sprache

298 3098 317 3131 a.
335 3098 357 3131 v.
375 3081 501 3130 institutio.
536 3083 566 3131 ln
583 3083 661 3132 titulis
679 3099 734 3132 vero
751 3087 774 3133 et
790 3085 852 3148 apud
870 3085 1002 3148 scripturas,
1021 3084 1214 3148 quotiescumque
1230 3083 1259 3130 de
1276 3082 1320 3131 hac
1336 3098 1361 3131 ra
1378 3082 1466 3132 mentio

297 3165 331 3221 fit,
348 3165 440 3213 nudum
457 3165 597 3214 vocabulum
614 3167 728 3215 alimenta
751 3168 848 3231 ponitur
864 3173 1045 3231 (nonnunquam
1062 3167 1177 3214 alimenta
1195 3165 1309 3222 Caesaris,
1327 3168 1354 3214 ut
1372 3165 1429 3214 cl.
1439 3166 1465 3214 L.

298 3248 340 3305 XI,
367 3247 431 3296 alsa
457 3252 499 3311 (=
523 3249 619 3298 Hennes
645 3250 736 3310 6666);
763 3250 846 3310 3211).
881 3251 917 3299 Ita
943 3250 1100 3314 magistratus,
1126 3249 1168 3312 qui
1194 3249 1232 3298 his
1248 3248 1321 3298 rebus
1338 3253 1464 3314 praeerant,

297 3329 476 3395 appellabantur
497 3333 636 3396 praefectus
659 3333 834 3391 alimentorum,
852 3339 948 3382 curator
967 3333 1019 3382 mae
1036 3338 1059 3381 et
1076 3332 1247 3389 alimentorum,
1264 3331 1403 3381 aubeurutor
1418 3331 1464 3380 ali·

297 3418 433 3471 mentorum,
451 3417 474 3462 at
490 3414 531 3478 qui
549 3419 604 3464 sunt
621 3415 713 3478 generis
729 3415 834 3464 eiusdem
876 3416 913 3466 Oi.
932 3417 995 3465 infra
1037 3416 1160 3474 Pecuniae,
1182 3431 1253 3479 quam
1270 3415 1425 3479 imperatores
1442 3415 1466 3462 in

297 3495 409 3545 alimenta
436 3497 593 3560 assignabant,
620 3514 706 3547 nemen
731 3502 781 3547 erat
804 3514 874 3548 saara
893 3499 997 3563 pecunia
1014 3499 1167 3548 alimentaria
1184 3498 1221 3560 (C.
1240 3498 1260 3546 Ι.
1278 3498 1305 3546 L.
1322 3497 1365 3554 IX,
1383 3497 1463 3556 ason

297 3580 325 3638 X,
353 3579 434 3640 1491),
460 3580 510 3628 sive
531 3581 634 3644 pneuma
659 3581 754 3644 publica
780 3597 841 3644 quae
863 3585 899 3630 eet
923 3581 1115 3644 aliment(orum)
1141 3581 1179 3643 (C.
1196 3581 1217 3629 Ι.
1235 3581 1262 3630 L.
1280 3579 1309 3639 X,
1327 3581 1395 3641 981),
1416 3581 1465 3629 sisa

293 3662 397 3726 pecuniis
420 3663 585 3712 alimentorum
604 3663 753 3727 pullicorum
779 3664 815 3723 (0.
842 3665 862 3714 I.
889 3665 915 3713 L.
940 3665 969 3721 X,
987 3664 1071 3722 4570t,
1089 3665 1139 3714 sive
1155 3663 1256 3728 pecunia
1275 3663 1466 3725 alimentar(um)

296 3745 333 3807 (C.
359 3745 379 3796 Ι.
404 3746 431 3795 L.
458 3746 487 3805 X,
513 3746 596 3806 4582),
622 3746 672 3794 sive
693 3747 796 3810 pecunia
814 3747 965 3796 alimentaria
982 3747 1018 3808 (C.
1037 3748 1057 3796 Ι.
1075 3748 1101 3796 L.
1119 3747 1162 3802 IX,
1182 3747 1262 3803 1415,
1281 3745 1363 3804 asom
1383 3746 1462 3804 3923,

296 3828 325 3885 X,
352 3829 399 3887 203
426 3829 474 3888 47;
501 3829 543 3888 XI,
565 3829 648 3890 4389).
682 3829 748 3878 Illud
773 3845 842 3878 sacra
869 3831 894 3879 in
919 3846 990 3879 saara
1004 3830 1108 3894 pecnnia
1125 3830 1278 3878 alimentaria
1295 3845 1343 3878 non
1361 3830 1462 3879 reserau-

296 3910 352 3958 dum
371 3915 406 3961 cst
425 3913 454 3961 ad
470 3928 506 3960 raa
523 3912 632 3970 divinss3
650 3929 811 3977 quaecumque
827 3914 856 3961 ad
873 3913 1023 3977 imperaturos
1041 3912 1183 3978 spectabant,
1202 3927 1266 3961 sacra
1282 3912 1399 3978 appellata
1416 3928 1464 3962 esse

298 3996 382 4041 notum
400 3998 435 4043 est

333 4075 353 4136 ¹)
387 4077 423 4126 Cf.
442 4078 547 4127 Hirschi.
564 4078 592 4127 V.
610 4079 640 4129 G.
657 4079 669 4126 I
686 4095 738 4142 pag.
758 4079 813 4128 114.

331 4158 351 4220 ¹)
385 4159 468 4210 Aurcl.
484 4160 573 4209 Victor.
592 4162 657 4226 Epit.
676 4162 715 4210 12.

329 4240 350 4305 8)
386 4241 467 4292 conon
483 4241 520 4292 11¹
536 4258 588 4308 pag.
607 4244 647 4303 ra,
666 4245 721 4294 142.
755 4245 825 4294 aaa
842 4245 917 4309 intur
936 4245 1033 4296 aenean
1049 4230 1460 4310 (Danb.a1iment.]3mb.1.1.peg.
