3274 4998
864 485 907 550 96

294 661 519 730 Plutarchus:
548 662 573 750 ¹)
610 663 750 745 ,εἰσέφερε
774 667 879 742 νόμους
902 673 963 733 τοῖς
985 663 1088 736 πένησι
1111 670 1291 748 κληρουχίαν
1313 665 1464 743 καὶνομλν

297 778 397 860 χώρας
429 775 580 847 ὃιόόντας”
614 813 658 824 -
692 781 726 840 et
760 775 863 861 paulo
898 781 992 862 post:
1008 773 1033 861 1)
1060 775 1218 852 ,ἐπαρθεὶς
1240 765 1286 838 οὖν
1310 780 1323 838 ό
1347 782 1464 854 Καῖσαρ

296 892 389 951 ἄλλον
423 891 544 972 εἰσέφερε
568 892 667 968 νόμον,
692 890 746 962 τὴν
770 894 951 968 Καμπανίαν
976 888 1087 972 σχεδόν
1110 891 1181 963 ’όλην
1203 893 1465 970 προσκατανέμον-

297 1027 337 1064 τα
372 1015 466 1074 τοῖς
499 1003 686 1079 ἀπόροις
719 1004 785 1066 καὶ
820 1001 1041 1076 πένησιν·”
1074 1002 1254 1068 Praeterea
1290 1003 1374 1090 quid
1402 1004 1466 1070 sibi

298 1115 409 1196 vellet,
447 1114 537 1202 quod
579 1136 660 1180 cum
691 1115 842 1181 maxime
866 1116 900 1196 ii,
926 1114 1051 1202 quibus
1075 1116 1164 1180 terni
1186 1111 1344 1202 pluresve
1367 1117 1467 1182 liberi

299 1236 419 1311 essent,
444 1229 679 1310 mittebantur,
705 1230 733 1295 si
756 1251 826 1295 non
848 1229 884 1293 id
907 1234 1031 1314 ageret,
1057 1235 1095 1293 ut
1109 1228 1231 1294 urbem
1244 1229 1469 1316 inopimulti-

295 1343 414 1408 tudine
438 1343 588 1411 levaret!
614 1341 637 1419 ⁸)
661 1343 706 1408 Et
728 1343 911 1409 Suetonius
934 1363 1015 1408 eum
1038 1342 1212 1426 octoginta
1228 1343 1358 1409 civium
1372 1344 1471 1410 milia

295 1457 333 1521 in
366 1458 614 1522 transmarinas
636 1456 786 1522 colonias
810 1455 1018 1521 distribuisse
1043 1462 1168 1520 narrat.
1195 1454 1221 1542 ⁴)
1269 1456 1390 1539 Coloni
1415 1457 1467 1522 illi

297 1591 461 1655 magnam
483 1577 617 1656 partem
640 1576 737 1635 erant
759 1569 920 1650 libertini,
945 1555 1129 1636 ut'diserte
1153 1577 1270 1635 narrat
1292 1570 1414 1637 Strabo
1427 1571 1468 1637 de

297 1684 463 1768 Corintho
487 1684 578 1749 hisce
602 1675 798 1760 1611181)ιὴ
819 1687 963 1760 Κόρινθος
985 1684 1138 1765 ἀνελήφθη
1150 1686 1240 1744 πάλιν
1252 1683 1307 1745 ιἰπό
1320 1689 1470 1770 Καίσαρος

299 1806 351 1860 τοῦ
384 1803 456 1858 θεοῦ
491 1797 537 1859 tet
567 1799 620 1870 τὴν
652 1797 772 1880 εόφνῖαν,
801 1795 931 1867 έποὶκονς
960 1796 1131 1878 πέμψαντος
1160 1805 1211 1857 τοῦ
1239 1798 1468 1875 όιπελενθερικοῦ

299 1912 401 1991 γένους
434 1909 626 1982 τλείστονς.”
648 1909 674 1997 ὅ)
717 1910 772 1974 Ex
808 1909 929 1975 eodem
963 1907 1128 1974 Strabone
1152 1910 1389 1994 cognoscimus
1411 1934 1468 1978 eos

196 2035 199 2042 '
300 2023 420 2090 saltem
460 2023 520 2110 qui
554 2023 801 2108 Carthaginem
835 2022 1053 2087 mitterentur
1089 2043 1160 2087 non
1193 2023 1259 2088 nisi
1293 2046 1337 2089 ex
1371 2039 1467 2111 parte

300 2139 402 2204 fuisse
436 2144 624 2204 veteranos.
671 2135 795 2202 Scribit
829 2136 943 2201 enim:
971 2137 1102 2219 ,σχεδὸν
1124 2160 1154 2196 τι
1176 2135 1228 2197 τὸν
1251 2137 1340 2198 αὐτόν
1363 2143 1467 2222 χρόνον

299 2253 386 2330 όνπερ
419 2253 467 2315 καὶ
500 2254 654 2330 Κόρινθος,
685 2252 837 2332 ἀνελήφθη
861 2253 951 2311 πάλιν
975 2250 1040 2325 περὶ
1058 2247 1126 2320 τοὺς
1148 2250 1252 2322 αότοός
1274 2274 1338 2323 πως
1348 2254 1469 2336 χρόνους

297 2364 353 2428 ὑπό
386 2369 536 2442 Καίσαρος
569 2367 621 2425 τοῦ
653 2368 725 2424 θεοῦ
759 2364 930 2446 πέμψαντος
964 2360 1094 2432 έποίνοιις
1126 2361 1277 2441 Ῥωμαίων
1310 2364 1378 2437 τοὺς
1397 2390 1468 2443 τρο·
1554 2422 1562 2436 .

295 2478 475 2557 αιρονμένονς
507 2479 555 2541 καὶ
588 2491 648 2544 τῶν
681 2486 871 2554 στρατιωτῶν
903 2473 1017 2548 τινας.”
1040 2475 1065 2563 θ)
1103 2474 1283 2562 Appianus
1306 2484 1467 2565 utrosque

297 2613 367 2657 uno
400 2590 540 2656 nomine
575 2589 720 2677 inopum
754 2589 1034 2675 comprehendit:
1073 2591 1140 2664 ,καὶ
1159 2589 1229 2668 μετ’
1253 2591 1284 2652 οὐ
1307 2591 1384 2654 πολὺ
1408 2598 1468 2655 τῶν

298 2707 414 2783 ἀπόρων
448 2703 535 2765 αὐτόν
563 2703 592 2775 ές
614 2705 720 2782 Ρὼμην
743 2702 1016 2778 <έπανελθόντα>
1039 2705 1104 2781 περὶ
1126 2714 1185 2782 γῆς
1206 2709 1466 2786 παρακαλούντων,

299 2820 491 2897 συνέτασσεν,
523 2819 561 2889 ὡς
594 2803 731 2900 πέμψων
749 2815 817 2888 τοὺς
849 2814 904 2895 μέν
938 2815 967 2888 ές
998 2817 1052 2889 τὴν
1084 2818 1273 2900 Καρχηδόνα,
1298 2817 1366 2890 τοὺς
1388 2819 1415 2882 3³
1440 2819 1469 2892 ές

301 2930 478 3010 Κόρινθον.”
500 2929 527 3017 7)
569 2929 730 2996 Ceterum
752 2929 789 2994 in
812 2929 959 2994 dubium
982 2930 1097 2996 vocari
1119 2937 1230 3016 potest
1252 2954 1339 2997 num
1350 2955 1470 3000 revera

302 3067 421 3112 omnes
460 3045 511 3110 illi
545 3043 657 3110 coloni
691 3042 877 3130 (octoginta
911 3042 1019 3130 milia)
1055 3043 1193 3109 deducti
1223 3045 1291 3110 sint
1303 3068 1310 3127 ;
1325 3045 1352 3133 8)
1386 3069 1469 3113 nam

304 3159 428 3225 Caesar
461 3164 570 3224 morte
604 3157 742 3223 videtur
776 3178 846 3222 esse
881 3156 1076 3242 impeditus,
1103 3178 1171 3244 quo
1195 3157 1310 3224 minus
1332 3159 1469 3247 incepta

300 3293 436 3358 prorsus
459 3276 713 3358 exsequeretur.
738 3269 764 3357 9)
789 3270 839 3335 De
864 3269 1072 3354 Carthagine
1098 3277 1187 3335 certe
1212 3271 1334 3338 diserte
1352 3280 1469 3339 narrat

335 3533 353 3595 ¹)
372 3533 430 3582 Cato
446 3533 506 3582 min.
525 3532 564 3580 31.

332 3615 352 3678 ἵ)
369 3616 426 3682 Cep.
445 3617 484 3665 33.

333 3698 353 3760 ⁸)
370 3699 407 3748 cf.
425 3699 495 3748 etism
512 3698 590 3761 Marq.
608 3695 625 3746 1.
643 3695 660 3746 l.
677 3713 729 3761 pag.
748 3696 804 3746 114.

334 3784 353 3843 ⁴)
370 3783 432 3832 Suet.
451 3781 498 3831 Iul.
516 3782 557 3830 42.

337 3866 355 3927 ⁵)
372 3866 453 3915 Strabo
470 3865 537 3924 VIII,
555 3865 578 3923 6,
597 3863 636 3912 28.

336 3950 355 4010 ὅ)
373 3949 455 3999 Strabo
472 3948 547 4006 XVII,
566 3947 589 4006 3,
608 3947 647 3995 15.

336 4030 355 4092 ⁷)
377 4031 478 4096 Appisn.
496 4031 581 4079 Punic.
600 4029 656 4078 136.

334 4115 354 4176 ⁸)
371 4114 409 4163 Cf.
425 4114 512 4179 Zumpt
528 4113 545 4162 1.
563 4112 580 4161 l.
598 4128 650 4177 pag.
671 4112 719 4160 318
729 4131 735 4170 ;
755 4112 831 4176 Msrq.
849 4111 865 4160 l.
884 4111 902 4161 l.
920 4128 971 4176 pag.
987 4110 1047 4160 116.

336 4197 356 4260 ⁰)
375 4197 478 4262 Appian.
496 4195 549 4246 1.1.
