3226 4998
730 455 732 460 ’
829 442 871 504 ot

265 627 459 708 comparate
496 618 523 684 si
559 618 744 706 quaeritur,
776 618 906 684 Romae
931 618 1024 684 eibos
1047 618 1155 706 pluris
1178 620 1306 686 stetisse
1331 641 1436 706 quam

267 734 304 799 in
327 741 438 799 cetera
460 732 561 800 Italia
584 730 639 797 vel
663 731 699 796 in
723 731 894 818 Hispania
917 732 1015 797 saeile
1039 732 1132 797 credi
1154 739 1273 819 potest.

312 847 419 932 Saepe
453 853 570 910 tamen
605 845 783 930 scriptores
818 845 1032 910 mentionem
1067 845 1197 910 faciunt
1219 845 1261 912 de
1296 847 1436 930 frugum

267 960 392 1046 inopia,
428 957 694 1044 tempestatibus
730 955 898 1023 similibus
926 957 1036 1038 rebus
1063 979 1149 1044 quae
1173 981 1329 1024 annonae
1354 961 1436 1024 eari-

269 1080 375 1138 tatem
398 1073 522 1138 inferre
547 1068 572 1157 1)
596 1068 772 1156 plebisque
796 1069 913 1134 turbas
936 1071 1083 1136 exaitare
1108 1070 1271 1137 solebant.
1296 1073 1343 1137 At
1355 1095 1435 1138 vero

269 1194 351 1252 tuno
375 1191 464 1251 certe
488 1206 568 1250 eum
590 1183 788 1247 Romanum
811 1183 995 1269 imperium
1019 1183 1160 1250 florebat
1172 1163 1331 1250 Caesares
1342 1207 1436 1272 prae-

269 1300 397 1366 cavisse
421 1298 647 1364 videnturne
672 1297 783 1362 Roma
806 1296 887 1361 urbs
911 1297 1059 1362 nimium
1084 1298 1293 1363 daumiinde
1307 1305 1436 1364 eontra-

271 1410 424 1487 l1eret.²)
462 1409 637 1476 Nonnulla
671 1409 830 1496 exempla
865 1410 1016 1475 afferam.
1042 1411 1092 1476 De
1117 1410 1253 1477 'liberio
1277 1412 1434 1477 Tacitus:

273 1526 479 1608 „Saevitiam
512 1545 668 1589 annonae
703 1524 880 1589 incusante
904 1524 1002 1609 plebe
1027 1526 1145 1590 statuit
1168 1526 1341 1590 frumento
1364 1547 1438 1611 pre·

271 1643 368 1722 tium,
404 1637 497 1727 quod
520 1645 653 1724 emptor
677 1638 849 1724 penderet,
874 1638 1040 1725 binosque
1065 1653 1225 1704 nummos
1248 1662 1281 1705 se
1306 1639 1438 1705 additu-

306 1904 322 1964 ¹)
340 1903 393 1951 Tae.
411 1903 475 1949 Anu.
493 1900 539 1955 ΙΙΙ,
559 1901 605 1946 54ι
634 1901 681 1963 „st
699 1898 794 1947 hercule
812 1915 880 1948 nemo
898 1901 976 1958 refert,
994 1901 1057 1964 quod
1076 1900 1147 1948 Italis
1164 1904 1271 1950 externae
1279 1901 1331 1965 opis
1341 1901 1438 1964 indiget,

268 1989 331 2052 quod
358 1987 406 2034 vita
433 1984 514 2048 populi
546 1984 645 2031 Romani
673 1999 713 2046 per
739 1983 829 2032 ineerta
856 1985 927 2032 maris
954 1988 977 2032 et
1002 1989 1170 2048 tempestatum
1196 1985 1282 2033 cotidie
1307 1985 1439 2054 volvitunf'

270 2071 332 2120 lbid.
350 2071 404 2126 Xll,
423 2070 470 2116 43:
507 2068 628 2132 „l'rugurn
646 2083 737 2130 queque
754 2071 841 2130 egestas
857 2071 880 2115 et
897 2073 949 2116 orta
966 2084 993 2116 ex
1011 2084 1038 2115 eo
1056 2069 1130 2116 semes
1146 2068 1172 2116 in
1190 2069 1326 2132 prodigium
1339 2069 1439 2131 accipie·

270 2154 363 2204 betur.''
382 2153 461 2201 Ibid:
482 2150 641 2215 „Quindecim
660 2150 752 2198 dierum
769 2149 884 2199 alimenta
901 2150 963 2207 urbi,
981 2167 1029 2199 non
1046 2151 1149 2215 emplius
1166 2152 1308 2216 superfuisse
1325 2152 1439 2207 constitit,

270 2253 400 2300 magnaque
417 2236 485 2282 deum
503 2233 648 2296 benignitate
666 2237 688 2279 et
706 2233 818 2280 modestia
835 2233 921 2290 hiemis
939 2233 1008 2281 rebus
1025 2234 1135 2282 extremis
1153 2233 1302 2282 subventum.
1313 2241 1337 2282 at
1346 2234 1441 2282 hercule

270 2321 329 2369 olim
354 2318 424 2368 ltalia
441 2316 574 2376 legionibus
592 2315 734 2378 longinquas
751 2316 777 2363 in
795 2317 928 2380 provincias
945 2321 1089 2365 commestus
1106 2316 1220 2380 portabat,
1238 2333 1281 2365 nee
1298 2333 1363 2365 nune
1379 2318 1440 2366 infe-

271 2404 391 2452 cunditate
417 2400 543 2457 laboratur,
561 2399 600 2446 sed
618 2398 723 2446 Africam
742 2399 819 2462 potius
836 2403 859 2446 et
877 2401 1012 2464 Aegyptum
1029 2416 1161 2448 exercemus
1178 2401 1324 2464 navibusque
1341 2405 1363 2449 et
1381 2401 1440 2448 essi·

270 2487 315 2535 bus
333 2486 381 2533 vite
398 2482 481 2547 populi
500 2481 600 2529 Romani
620 2482 732 2544 permissa
750 2481 808 2529 est.’'
844 2481 910 2545 Quin
928 2483 998 2530 etism
1010 2483 1130 2531 interdum
1140 2485 1226 2532 semem
1236 2484 1306 2532 luisse
1315 2485 1441 2548 scriptores

271 2571 374 2618 tradunt.
394 2567 429 2614 (ΙΙ.
448 2569 539 2628 praeter
556 2564 631 2611 Taciti
651 2562 729 2611 locum
746 2565 814 2612 modo
831 2563 953 2613 laudatum
972 2566 1034 2613 Suet.
1054 2566 1116 2613 Nero
1134 2569 1178 2623 45;
1196 2567 1313 2630 Spartisn.
1325 2567 1439 2615 Hadrian.

272 2654 319 2709 21;
346 2649 447 2714 Capitol.
471 2650 560 2696 Antou.
577 2647 636 2694 Plus
654 2647 684 2702 93
704 2647 739 2694 ld.
759 2647 794 2694 M.
813 2650 869 2695 Ant.
888 2647 1025 2712 Philosoph.
1045 2649 1059 2694 8
1077 2655 1121 2698 ete.
1145 2649 1208 2697 Heee
1225 2650 1347 2698 sufficiant.
1367 2650 1442 2698 Plura

273 2737 326 2784 vide
351 2733 412 2797 apud
439 2729 526 2779 Friedl.
546 2729 562 2776 l.
581 2728 597 2776 l.
617 2745 668 2792 pag.
688 2730 719 2776 34
738 2746 802 2792 seqq.
822 2730 921 2793 Copiose
940 2731 1074 2780 Radbertus
1092 2732 1148 2792 (Zur
1165 2732 1287 2796 Frsgedes
1296 2733 1461 2782 Ssebwerths'

271 2820 312 2867 des
329 2816 414 2865 Geldes
431 2815 465 2862 im
487 2812 627 2867 tlterthum,
647 2812 672 2858 in
689 2812 787 2860 Jahrbb.
805 2814 822 2860 f.
836 2813 1017 2863 Nationsldkon.
1029 2831 1051 2862 u.
1062 2816 1152 2863 satist.
1163 2816 1215 2864 XlV
1227 2816 1319 2877 (1870),
1329 2833 1381 2880 psg.
1392 2817 1440 2867 357

273 2905 345 2965 seqq.)
363 2901 451 2947 efficere
468 2899 564 2945 oonetus
580 2899 614 2942 est
631 2895 762 2958 antiquitus
780 2913 897 2944 annonem
914 2897 991 2946 multo
1008 2898 1083 2961 magis
1092 2899 1204 2947 variatam
1217 2915 1344 2962 essequam
1354 2901 1442 2948 nostris

271 2983 425 3048 temporibus.
461 2979 538 3028 Aliter
562 2981 641 3026 temen
670 2979 802 3026 Mommsen
823 2981 850 3027 n.
869 2980 898 3027 G.
917 2980 941 3028 1⁸
958 2997 1009 3044 pag.
1029 2981 1075 3028 841
1094 2982 1164 3029 edu:
1201 2982 1346 3046 „Uebrigens
1363 2983 1442 3032 diuite

272 3084 296 3116 es
313 3067 367 3116 sehr
383 3063 524 3113 zweilelhelt
540 3063 598 3120 sein,
617 3061 646 3111 ob
665 3062 690 3109 in
708 3062 761 3109 dem
780 3063 841 3110 Rom
858 3063 933 3110 dieser
951 3064 999 3111 und
1016 3064 1058 3111 der
1070 3069 1177 3128 spitereu
1191 3065 1442 3129 Zeitdiellornprelse

272 3151 382 3199 wirklieh
399 3149 489 3198 stttrlter
504 3148 653 3212 gesebwsulrt
671 3146 752 3202 haben,
771 3145 806 3194 sls
824 3147 873 3195 dies
890 3146 1028 3210 heutzutsge
1044 3148 1085 3195 der
1102 3148 1153 3196 Fsll
1168 3150 1206 3196 ist.
1243 3149 1441 3212 l'ergleiebtmsn

271 3235 352 3283 Preise
376 3233 421 3280 wie
446 3232 484 3279 die
509 3231 568 3278 oben
593 3231 749 3292 engeldhrten
776 3245 822 3276 von
841 3232 856 3276 4
876 3230 924 3277 und
944 3230 958 3281 7
977 3230 1017 3277 Gr.
1036 3230 1081 3278 den
1100 3233 1261 3294 preussiseben
1279 3232 1378 3280 Sebeffel
1397 3235 1442 3280 mit

271 3319 346 3366 denen
366 3317 407 3364 der
424 3319 516 3378 trgsten
534 3313 754 3376 Kriegstheuerung
773 3313 821 3359 und
840 3313 1016 3376 Ilnugersnoth,
1034 3329 1070 3361 wo
1087 3330 1141 3362 zum
1160 3315 1263 3378 Beispiel
1281 3316 1315 3363 im
1327 3315 1441 3364 hanniba-

272 3400 362 3448 lisehen
380 3398 465 3461 Kriege
482 3397 523 3444 der
540 3411 628 3459 preuss.
647 3394 744 3442 Sebellel
763 3396 804 3442 auf
819 3397 850 3442 99
869 3395 891 3456 (1
912 3396 1046 3445 Medimnos
1057 3419 1079 3442 z
1100 3397 1129 3445 15
1150 3399 1300 3446 Drsehmen:
1319 3398 1401 3461 Polyb.
1418 3400 1441 3456 9,

272 3486 320 3544 44),
339 3483 373 3530 im
391 3480 561 3543 Biirgerkriege
578 3479 620 3526 aul
637 3479 684 3525 198
702 3478 725 3537 tl
745 3478 876 3525 Medius:
894 3481 906 3525 5
926 3480 1032 3528 Dentre:
1051 3481 1100 3529 Cio.
1124 3481 1188 3530 Verr.
1208 3482 1230 3538 3,
1241 3481 1389 3541 assistis
1400 3482 1442 3529 der

270 3581 366 3629 grossen
383 3564 525 3625 'l'heueruug
543 3567 611 3610 unter
629 3563 749 3624 Augustus
765 3577 806 3624 gar
824 3563 866 3609 auf
882 3562 930 3610 218
949 3563 1067 3612 Grosohen
1085 3567 1109 3625 (ὅ
1128 3564 1322 3627 Modii227112
1333 3565 1441 3612 Densre:

275 3648 360 3698 Euseb.
387 3649 465 3696 cleron.
487 3663 514 3710 p.
542 3645 593 3693 Cirr.
614 3645 627 3697 7
646 3645 717 3704 Scat.)
735 3645 801 3708 soeg,
819 3662 844 3692 so
861 3646 893 3694 ist
910 3647 951 3694 der
968 3647 1074 3696 Abstsnd
1091 3649 1184 3697 lreilieh
1203 3649 1351 3706 unpeheuer3
1369 3647 1444 3696 alleiu

274 3731 353 3779 solehe
377 3732 488 3779 Extremo
514 3729 567 3776 sind
593 3727 669 3790 wenig
694 3727 820 3775 belebrend
849 3729 896 3776 und
914 3729 1018 3778 konnten
1036 3731 1096 3779 neeh
1114 3730 1198 3779 beiden
1216 3731 1295 3779 Seiten
1312 3731 1355 3778 hin
1374 3734 1444 3778 unter

273 3815 381 3878 gleiehen
399 3813 569 3874 Bedingungen
586 3811 645 3858 sueh
662 3810 732 3857 heute
749 3811 809 3858 noch
827 3812 877 3859 sieh
893 3811 1075 3861 wiederholen.”

307 3903 326 3964 Ξ)
350 3902 432 3950 strabo
458 3901 485 3960 V,
512 3901 535 3958 7,
561 3901 589 3948 de
614 3899 671 3947 urbe
697 3899 785 3948 Rome:
815 3891 919 3972 „speon
940 3895 1088 3971 cundpepti
1108 3919 1153 3966 τις
1172 3896 1301 3971 ipsius
1321 3897 1444 3955 ἅπασαν

274 3988 385 4071 εὐφυΐαν
411 3987 655 4064 ὑπερβάλλουσα,
677 3986 711 4046 δι’
726 3990 760 4055 ἣν
780 3985 827 4048 ἐπὶ
846 3996 986 4050 τοσοῦτον
1008 3990 1171 4071 αὐξηθεῖσα
1192 3994 1209 4058 ἡ
1231 3976 1316 4060 abbe
1327 3991 1446 4070 ἀντέχει

277 4091 365 4146 τοῦτο
386 4081 442 4162 μὲν
462 4091 553 4170 τροφῇ
575 4129 701 4142 .....
704 4084 721 4107 ”
751 4093 786 4140 Ex
813 4095 984 4144 nonnullorum
1010 4097 1105 4160 quidem
1131 4098 1249 4160 opinione,
1272 4096 1310 4143 eui
1326 4111 1368 4143 eur
1384 4109 1447 4141 aree-

240 4165 249 4184 ι
277 4185 368 4234 damus
392 4199 439 4232 non
466 4182 542 4240 video,
560 4195 595 4228 res
612 4179 689 4228 multo
706 4181 796 4245 peiores
813 4188 879 4231 eraut
896 4200 965 4247 quam
984 4201 1011 4232 ex
1028 4185 1160 4233 auctoribus
1178 4185 1284 4248 intellegi
1302 4187 1385 4249 potest.
1411 4184 1449 4232 ltn
