3226 4998
853 477 895 538 ao

377 653 577 743 Praedaque
601 661 636 721 et
659 655 798 720 hostiles
821 653 944 718 luxum
968 675 1101 719 suasere
1126 654 1275 739 rapinae,

375 767 453 832 Non
477 789 559 832 auro
584 768 723 835 tectisve
749 767 880 846 modae,
906 787 1107 852 mensasque
1132 767 1260 852 priores

375 879 566 988 Aspernata
590 882 715 962 fames;
740 881 861 961 cultus,
888 887 1019 964 gestare
1043 880 1182 945 decoros

374 994 443 1060 Vix
466 994 619 1075 nuribus
644 1017 786 1080 rapuere
811 1015 944 1073 mares;
971 993 1118 1058 fecunda
1146 993 1299 1060 virorum

374 1107 561 1194 Paupertas
584 1109 724 1192 fugitur,
748 1115 887 1194 totoque
912 1107 1098 1172 aeaersitur
1123 1105 1213 1187 orbe,

374 1222 451 1301 Quo
485 1244 569 1306 gons
593 1243 748 1309 quaeque
773 1222 870 1308 perit.
901 1222 999 1286 Tune
1023 1220 1142 1304 longos
1165 1221 1305 1304 iungere
1330 1220 1416 1285 fines

374 1335 557 1419 Agrorum,
583 1341 616 1400 et
641 1335 814 1421 quondam
839 1335 924 1399 duro
950 1334 1078 1399 sulcata
1101 1333 1236 1399 Camilli

374 1449 521 1515 Vemere
545 1455 578 1514 et
602 1449 761 1535 antiquos
784 1449 968 1513 Curiorum
991 1469 1088 1534 passa
1111 1446 1244 1532 ligones

372 1562 490 1646 Longa
514 1561 576 1626 sub
600 1563 725 1646 ignotis
748 1561 930 1627 extendere
955 1582 1034 1625 rura
1068 1560 1206 1626 colonis,

374 1675 453 1740 Non
476 1682 549 1740 erat
571 1676 599 1740 is
621 1675 777 1762 populna,
804 1697 908 1761 quern
931 1695 999 1760 pax
1023 1673 1211 1760 tranquilla
1234 1673 1378 1756 iuvaret,

374 1788 487 1866 Quem
510 1810 571 1853 sua
596 1788 734 1854 libertas
757 1789 896 1854 inmotis
920 1794 1073 1873 pasceret
1097 1787 1210 1852 armis.

373 1902 458 1967 Inde
482 1902 551 1968 irae
576 1902 699 1982 faciles,
724 1910 758 1966 et
783 1902 874 1988 quod
896 1902 1053 1966 suasisset
1076 1907 1206 1984 egestas

373 2013 450 2082 Vile
475 2017 579 2096 nesae,
604 2036 839 2100 magnumque
863 2015 965 2079 decus
989 2015 1145 2099 ferroque
1169 2013 1366 2099 petendum,

373 2127 455 2194 Plus
478 2130 588 2215 patria
611 2129 758 2215 potuisse
783 2150 843 2193 sua
856 2151 863 2208 ;
888 2149 1115 2214 mensuraque
1140 2127 1223 2191 iuris

372 2242 435 2308 Vis
455 2249 546 2323 erat;
572 2243 652 2308 hino
675 2242 767 2326 leges
790 2248 823 2306 et
845 2241 953 2328 plebis
980 2241 1063 2306 seita
1088 2247 1232 2321 ooaetae,

374 2355 418 2419 Et
442 2377 522 2421 eum
545 2355 741 2421 oonsulibus
765 2355 941 2420 turbantes
967 2355 1042 2419 iura
1071 2353 1210 2435 tribuni,

373 2469 466 2535 Hine
491 2470 580 2556 rapti
603 2470 708 2534 fasoes
731 2469 849 2555 pretio,
875 2475 1051 2554 sectorque
1077 2467 1203 2534 favoris

374 2584 450 2669 Ipse
475 2584 527 2648 sui
551 2583 698 2669 populus
721 2582 897 2668 letalisque
922 2582 1071 2646 ambitus
1094 2581 1181 2662 urbi,

374 2698 502 2761 Annua
525 2696 640 2762 venali
664 2697 811 2784 referens
835 2695 1022 2760 certamina
1046 2695 1175 2780 Campo
1188 2717 1195 2774 ;

375 2810 467 2874 Hine
493 2831 596 2874 usura
623 2831 740 2889 vorari,
765 2809 975 2895 avidumque
988 2809 1025 2872 in
1048 2815 1203 2894 tempora
1227 2809 1355 2888 faenus,

375 2923 419 2987 Et
442 2945 604 2988 concussa
627 2923 719 3004 fides,
745 2929 778 2987 et
801 2922 917 2986 multis
941 2922 1023 2987 utile
1048 2922 1209 2987 bellum.''
1236 2919 1260 3008 l)

331 3085 426 3164 Quae
466 3086 539 3150 dixi
582 3086 708 3172 partim
747 3086 851 3150 etiarn
897 3085 1006 3169 magis
1040 3084 1157 3150 valent
1190 3083 1231 3149 de
1268 3084 1456 3149 Caesarum

285 3199 505 3286 temporibus
553 3199 628 3265 Scio
665 3199 826 3285 equidem
859 3198 978 3263 eadem
1013 3198 1072 3263 illa
1100 3205 1254 3284 tempora
1277 3236 1321 3246 -
1343 3203 1455 3284 poste·
1501 3284 1504 3289 Ι

284 3313 374 3378 riora
410 3313 544 3378 saecula
579 3314 809 3399 pessimosque
841 3313 1062 3397 imperatores
1099 3312 1232 3398 excipio
1266 3351 1310 3361 -
1334 3311 1454 3378 multis

283 3425 481 3491 nominibus
503 3425 647 3511 imperio
671 3427 828 3491 ltomano
853 3426 953 3491 fuisse
973 3426 1209 3512 prosperrima.
1234 3412 1454 3512 Respublica

284 3540 387 3604 nimis
412 3540 471 3605 diu
495 3540 596 3603 undis
619 3546 652 3604 et
675 3539 932 3626 tempestatibus
955 3540 1078 3605 iactata
1101 3539 1280 3625 respiravit
1303 3539 1365 3605 sub
1382 3541 1454 3606 Au-

283 3659 391 3737 gusto,
418 3653 478 3740 qui
501 3653 687 3739 prudenter
710 3675 747 3718 ae
773 3654 945 3718 moderate
958 3654 1330 3739 imperiumtraotabat.
1354 3653 1455 3720 Tibe-

283 3767 362 3847 rius,
400 3767 558 3853 quamvis
581 3788 652 3832 non
676 3789 783 3853 aeque
806 3767 869 3832 sibi
893 3766 1011 3852 populi
1034 3766 1309 3850 benevolentiam
1332 3767 1454 3832 adiun-

281 3885 384 3963 geret,
409 3886 525 3944 tamen
549 3901 569 3944 a
592 3881 708 3946 Tacito
732 3902 802 3945 non
824 3881 954 3964 integre
978 3881 1147 3946 iudicatus
1170 3902 1239 3945 esse
1263 3881 1408 3949 videtur.
1424 3881 1451 3969 ⁹)

316 4115 332 4174 ¹)
350 4115 435 4162 Lucan.
455 4115 535 4162 Phara.
555 4115 573 4171 l,
594 4115 640 4163 160
658 4132 712 4180 seqq
739 4116 791 4177 (Ed.
809 4116 948 4176 Frenetes).

302 4199 320 4259 Β)
339 4198 377 4246 Cf.
400 4199 474 4245 Niese
509 4199 532 4246 in
552 4198 593 4245 Iw.
613 4215 634 4245 r.
653 4198 710 4247 lll.’s
727 4199 821 4248 llandb.
840 4201 886 4258 lll,
906 4200 938 4256 5⁹,
958 4217 1008 4264 pag.
1029 4200 1083 4248 191.
