<?xml version="1.0" encoding="UTF-8"?>
<!DOCTYPE html PUBLIC "-//W3C//DTD XHTML 1.0 Transitional//EN"
    "http://www.w3.org/TR/xhtml1/DTD/xhtml1-transitional.dtd">
<html xmlns="http://www.w3.org/1999/xhtml" xml:lang="en" lang="en">
 <head>
  <title>
</title>
<meta http-equiv="Content-Type" content="text/html;charset=utf-8" />
  <meta name='ocr-system' content='tesseract 3.04.00' />
  <meta name='ocr-capabilities' content='ocr_page ocr_carea ocr_par ocr_line ocrx_word'/>
</head>
<body>
  <div class='ocr_page' id='page_1' title='image "./depauperumcuraa00essegoog_0065.png"; bbox 0 0 3226 4998; ppageno 0'>
   <div class='ocr_carea' id='block_1_1' title="bbox 737 476 778 540">
    <p class='ocr_par' dir='ltr' id='par_1_1' title="bbox 737 476 778 540">
     <span class='ocr_line' id='line_1_1' title="bbox 737 476 778 540; baseline 0 0"><span class='ocrx_word' id='word_1_1' title='bbox 737 476 778 540; x_wconf 72' lang='lat'><strong>47</strong></span> 
     </span>
    </p>
   </div>
   <div class='ocr_carea' id='block_1_2' title="bbox 114 653 1350 2782">
    <p class='ocr_par' dir='ltr' id='par_1_2' title="bbox 114 653 1350 2101">
     <span class='ocr_line' id='line_1_2' title="bbox 223 653 1350 743; baseline 0 -22"><span class='ocrx_word' id='word_1_2' title='bbox 223 658 252 722; x_wconf 85' lang='lat' dir='ltr'><strong>d.</strong></span> <span class='ocrx_word' id='word_1_3' title='bbox 287 657 445 724; x_wconf 84' lang='lat' dir='ltr'><strong>Anaoooc</strong></span> <span class='ocrx_word' id='word_1_4' title='bbox 478 657 595 737; x_wconf 79' lang='lat' dir='ltr'><strong>utlttoa,</strong></span> <span class='ocrx_word' id='word_1_5' title='bbox 625 678 692 743; x_wconf 92' lang='lat' dir='ltr'><strong>qua</strong></span> <span class='ocrx_word' id='word_1_6' title='bbox 711 655 782 720; x_wconf 91' lang='lat' dir='ltr'><strong>iam</strong></span> <span class='ocrx_word' id='word_1_7' title='bbox 805 653 848 719; x_wconf 94' lang='lat' dir='ltr'><strong>ob</strong></span> <span class='ocrx_word' id='word_1_8' title='bbox 872 654 955 720; x_wconf 89' lang='lat' dir='ltr'><strong>alias</strong></span> <span class='ocrx_word' id='word_1_9' title='bbox 978 677 1095 720; x_wconf 81' lang='lat' dir='ltr'><strong>causas</strong></span> <span class='ocrx_word' id='word_1_10' title='bbox 1120 654 1265 739; x_wconf 87' lang='lat' dir='ltr'><strong>exiguus</strong></span> <span class='ocrx_word' id='word_1_11' title='bbox 1287 677 1350 721; x_wconf 90' lang='lat' dir='ltr'><strong>nu·</strong></span> 
     </span>
     <span class='ocr_line' id='line_1_3' title="bbox 177 766 1345 856; baseline -0.002 -20"><span class='ocrx_word' id='word_1_12' title='bbox 177 792 291 836; x_wconf 88' lang='lat' dir='ltr'><strong>merus</strong></span> <span class='ocrx_word' id='word_1_13' title='bbox 325 790 453 850; x_wconf 89' lang='lat' dir='ltr'><strong>eorum,</strong></span> <span class='ocrx_word' id='word_1_14' title='bbox 489 771 549 856; x_wconf 91' lang='lat' dir='ltr'><strong>qui</strong></span> <span class='ocrx_word' id='word_1_15' title='bbox 586 789 709 854; x_wconf 89' lang='lat' dir='ltr'><strong>agrum</strong></span> <span class='ocrx_word' id='word_1_16' title='bbox 732 768 925 832; x_wconf 90' lang='lat' dir='ltr'><strong>immunem</strong></span> <span class='ocrx_word' id='word_1_17' title='bbox 954 766 1170 854; x_wconf 89' lang='lat' dir='ltr'><strong>liberumque</strong></span> <span class='ocrx_word' id='word_1_18' title='bbox 1193 767 1345 850; x_wconf 89' lang='lat' dir='ltr'><strong>arabant,</strong></span> 
     </span>
     <span class='ocr_line' id='line_1_4' title="bbox 176 880 1348 971; baseline 0 -23"><span class='ocrx_word' id='word_1_19' title='bbox 176 883 286 968; x_wconf 88' lang='lat' dir='ltr'><strong>magis</strong></span> <span class='ocrx_word' id='word_1_20' title='bbox 309 884 485 971; x_wconf 85' lang='lat' dir='ltr'><strong>magisque</strong></span> <span class='ocrx_word' id='word_1_21' title='bbox 509 884 738 949; x_wconf 88' lang='lat' dir='ltr'><strong>minuebatur.</strong></span> <span class='ocrx_word' id='word_1_22' title='bbox 763 881 841 945; x_wconf 90' lang='lat' dir='ltr'><strong>Non</strong></span> <span class='ocrx_word' id='word_1_23' title='bbox 865 880 967 946; x_wconf 92' lang='lat' dir='ltr'><strong>modo</strong></span> <span class='ocrx_word' id='word_1_24' title='bbox 980 901 1060 945; x_wconf 91' lang='lat' dir='ltr'><strong>cum</strong></span> <span class='ocrx_word' id='word_1_25' title='bbox 1072 881 1218 948; x_wconf 88' lang='lat' dir='ltr'><strong>servitiis</strong></span> <span class='ocrx_word' id='word_1_26' title='bbox 1230 881 1267 945; x_wconf 90' lang='lat' dir='ltr'><strong>in</strong></span> <span class='ocrx_word' id='word_1_27' title='bbox 1280 882 1348 948; x_wconf 84' lang='lat' dir='ltr'><strong>fru-</strong></span> 
     </span>
     <span class='ocr_line' id='line_1_5' title="bbox 114 993 1348 1080; baseline 0.003 -24"><span class='ocrx_word' id='word_1_28' title='bbox 114 1051 117 1056; x_wconf 87' lang='lat'><strong>.</strong></span> <span class='ocrx_word' id='word_1_29' title='bbox 176 1003 292 1061; x_wconf 89' lang='lat' dir='ltr'><strong>mento</strong></span> <span class='ocrx_word' id='word_1_30' title='bbox 315 997 443 1062; x_wconf 91' lang='lat' dir='ltr'><strong>arando</strong></span> <span class='ocrx_word' id='word_1_31' title='bbox 466 997 627 1062; x_wconf 86' lang='lat' dir='ltr'><strong>dimicare</strong></span> <span class='ocrx_word' id='word_1_32' title='bbox 641 993 776 1061; x_wconf 88' lang='lat' dir='ltr'><strong>difficile</strong></span> <span class='ocrx_word' id='word_1_33' title='bbox 790 1000 870 1074; x_wconf 91' lang='lat' dir='ltr'><strong>erat,</strong></span> <span class='ocrx_word' id='word_1_34' title='bbox 890 993 912 1080; x_wconf 84' lang='lat'><strong>¹)</strong></span> <span class='ocrx_word' id='word_1_35' title='bbox 924 1015 1047 1060; x_wconf 87' lang='lat' dir='ltr'><strong>verum</strong></span> <span class='ocrx_word' id='word_1_36' title='bbox 1059 1016 1102 1059; x_wconf 84' lang='lat' dir='ltr'><strong>ex</strong></span> <span class='ocrx_word' id='word_1_37' title='bbox 1115 995 1348 1080; x_wconf 88' lang='lat' dir='ltr'><strong>recenspartis</strong></span> 
     </span>
     <span class='ocr_line' id='line_1_6' title="bbox 176 1107 1348 1195; baseline 0.001 -22"><span class='ocrx_word' id='word_1_38' title='bbox 176 1110 361 1195; x_wconf 89' lang='lat' dir='ltr'><strong>provinciis</strong></span> <span class='ocrx_word' id='word_1_39' title='bbox 383 1110 506 1190; x_wconf 85' lang='lat' dir='ltr'><strong>Sicilia,</strong></span> <span class='ocrx_word' id='word_1_40' title='bbox 521 1109 686 1189; x_wconf 83' lang='lat' dir='ltr'><strong>Sardinia,</strong></span> <span class='ocrx_word' id='word_1_41' title='bbox 701 1109 868 1192; x_wconf 83' lang='lat' dir='ltr'><strong>Aegypto,</strong></span> <span class='ocrx_word' id='word_1_42' title='bbox 878 1113 976 1172; x_wconf 87' lang='lat' dir='ltr'><strong>tanta</strong></span> <span class='ocrx_word' id='word_1_43' title='bbox 987 1107 1040 1173; x_wconf 93' lang='lat' dir='ltr'><strong>vis</strong></span> <span class='ocrx_word' id='word_1_44' title='bbox 1050 1107 1215 1173; x_wconf 88' lang='lat' dir='ltr'><strong>frumenti</strong></span> <span class='ocrx_word' id='word_1_45' title='bbox 1227 1107 1348 1174; x_wconf 91' lang='lat' dir='ltr'><strong>subve-</strong></span> 
     </span>
     <span class='ocr_line' id='line_1_7' title="bbox 177 1219 1346 1309; baseline 0.001 -22"><span class='ocrx_word' id='word_1_46' title='bbox 177 1223 331 1304; x_wconf 89' lang='lat' dir='ltr'><strong>hebatur,</strong></span> <span class='ocrx_word' id='word_1_47' title='bbox 356 1231 394 1288; x_wconf 93' lang='lat' dir='ltr'><strong>ut</strong></span> <span class='ocrx_word' id='word_1_48' title='bbox 417 1245 499 1288; x_wconf 86' lang='lat' dir='ltr'><strong>mox</strong></span> <span class='ocrx_word' id='word_1_49' title='bbox 523 1223 620 1309; x_wconf 89' lang='lat' dir='ltr'><strong>parvi</strong></span> <span class='ocrx_word' id='word_1_50' title='bbox 643 1244 681 1288; x_wconf 91' lang='lat' dir='ltr'><strong>ac</strong></span> <span class='ocrx_word' id='word_1_51' title='bbox 705 1243 813 1308; x_wconf 88' lang='lat' dir='ltr'><strong>paene</strong></span> <span class='ocrx_word' id='word_1_52' title='bbox 837 1219 965 1285; x_wconf 90' lang='lat' dir='ltr'><strong>nullius</strong></span> <span class='ocrx_word' id='word_1_53' title='bbox 981 1221 1081 1307; x_wconf 90' lang='lat' dir='ltr'><strong>pretii</strong></span> <span class='ocrx_word' id='word_1_54' title='bbox 1093 1228 1187 1286; x_wconf 90' lang='lat' dir='ltr'><strong>esset.</strong></span> <span class='ocrx_word' id='word_1_55' title='bbox 1234 1222 1346 1288; x_wconf 91' lang='lat' dir='ltr'><strong>Immo</strong></span> 
     </span>
     <span class='ocr_line' id='line_1_8' title="bbox 178 1333 1347 1422; baseline -0.001 -21"><span class='ocrx_word' id='word_1_56' title='bbox 178 1343 313 1401; x_wconf 88' lang='lat' dir='ltr'><strong>tantum</strong></span> <span class='ocrx_word' id='word_1_57' title='bbox 337 1335 453 1402; x_wconf 89' lang='lat' dir='ltr'><strong>aberat</strong></span> <span class='ocrx_word' id='word_1_58' title='bbox 475 1344 514 1401; x_wconf 91' lang='lat' dir='ltr'><strong>ut</strong></span> <span class='ocrx_word' id='word_1_59' title='bbox 537 1337 597 1422; x_wconf 93' lang='lat' dir='ltr'><strong>qui</strong></span> <span class='ocrx_word' id='word_1_60' title='bbox 610 1357 682 1400; x_wconf 91' lang='lat' dir='ltr'><strong>rem</strong></span> <span class='ocrx_word' id='word_1_61' title='bbox 694 1334 869 1422; x_wconf 84' lang='lat' dir='ltr'><strong>publicam</strong></span> <span class='ocrx_word' id='word_1_62' title='bbox 885 1333 1049 1418; x_wconf 91' lang='lat' dir='ltr'><strong>regebant</strong></span> <span class='ocrx_word' id='word_1_63' title='bbox 1061 1334 1243 1420; x_wconf 88' lang='lat' dir='ltr'><strong>prudentia</strong></span> <span class='ocrx_word' id='word_1_64' title='bbox 1256 1336 1347 1400; x_wconf 90' lang='lat' dir='ltr'><strong>acuti</strong></span> 
     </span>
     <span class='ocr_line' id='line_1_9' title="bbox 179 1447 1348 1534; baseline 0 -20"><span class='ocrx_word' id='word_1_65' title='bbox 179 1456 297 1530; x_wconf 90' lang='lat' dir='ltr'><strong>essent,</strong></span> <span class='ocrx_word' id='word_1_66' title='bbox 336 1457 375 1514; x_wconf 94' lang='lat' dir='ltr'><strong>ut</strong></span> <span class='ocrx_word' id='word_1_67' title='bbox 407 1450 552 1534; x_wconf 85' lang='lat' dir='ltr'><strong>ignavae</strong></span> <span class='ocrx_word' id='word_1_68' title='bbox 588 1448 803 1513; x_wconf 79' lang='lat' dir='ltr'><strong>multitudini</strong></span> <span class='ocrx_word' id='word_1_69' title='bbox 836 1448 1082 1532; x_wconf 89' lang='lat' dir='ltr'><strong>morigerantes</strong></span> <span class='ocrx_word' id='word_1_70' title='bbox 1120 1447 1275 1514; x_wconf 89' lang='lat' dir='ltr'><strong>consulto</strong></span> <span class='ocrx_word' id='word_1_71' title='bbox 1314 1456 1348 1514; x_wconf 86' lang='lat' dir='ltr'><strong>et</strong></span> 
     </span>
     <span class='ocr_line' id='line_1_10' title="bbox 179 1559 1347 1649; baseline -0.001 -21"><span class='ocrx_word' id='word_1_72' title='bbox 179 1563 322 1646; x_wconf 90' lang='lat' dir='ltr'><strong>cogitate</strong></span> <span class='ocrx_word' id='word_1_73' title='bbox 346 1563 496 1649; x_wconf 90' lang='lat' dir='ltr'><strong>pretium</strong></span> <span class='ocrx_word' id='word_1_74' title='bbox 510 1562 891 1627; x_wconf 83' lang='lat' dir='ltr'><strong>trumentiminuerent.</strong></span> <span class='ocrx_word' id='word_1_75' title='bbox 917 1559 943 1648; x_wconf 63' lang='grc'><strong>8)</strong></span> <span class='ocrx_word' id='word_1_76' title='bbox 966 1561 1043 1640; x_wconf 77' lang='lat' dir='ltr'><strong>Quo</strong></span> <span class='ocrx_word' id='word_1_77' title='bbox 1055 1561 1185 1627; x_wconf 89' lang='lat' dir='ltr'><strong>factum</strong></span> <span class='ocrx_word' id='word_1_78' title='bbox 1198 1568 1248 1627; x_wconf 92' lang='lat' dir='ltr'><strong>est</strong></span> <span class='ocrx_word' id='word_1_79' title='bbox 1259 1568 1298 1627; x_wconf 93' lang='lat' dir='ltr'><strong>ut</strong></span> <span class='ocrx_word' id='word_1_80' title='bbox 1310 1562 1347 1627; x_wconf 94' lang='lat' dir='ltr'><strong>in</strong></span> 
     </span>
     <span class='ocr_line' id='line_1_11' title="bbox 179 1675 1347 1762; baseline 0 -21"><span class='ocrx_word' id='word_1_81' title='bbox 179 1676 331 1762; x_wconf 91' lang='lat' dir='ltr'><strong>ipsorum</strong></span> <span class='ocrx_word' id='word_1_82' title='bbox 364 1675 588 1762; x_wconf 81' lang='lat' dir='ltr'><strong>locupletium</strong></span> <span class='ocrx_word' id='word_1_83' title='bbox 616 1675 806 1740; x_wconf 85' lang='lat' dir='ltr'><strong>latifundiis</strong></span> <span class='ocrx_word' id='word_1_84' title='bbox 829 1676 1043 1740; x_wconf 85' lang='lat' dir='ltr'><strong>trumentum</strong></span> <span class='ocrx_word' id='word_1_85' title='bbox 1064 1675 1199 1741; x_wconf 87' lang='lat' dir='ltr'><strong>cederet</strong></span> <span class='ocrx_word' id='word_1_86' title='bbox 1222 1676 1347 1760; x_wconf 78' lang='lat' dir='ltr'><strong>agresti</strong></span> 
     </span>
     <span class='ocr_line' id='line_1_12' title="bbox 179 1787 1348 1875; baseline 0.001 -22"><span class='ocrx_word' id='word_1_87' title='bbox 179 1810 218 1854; x_wconf 92' lang='lat' dir='ltr'><strong>ac</strong></span> <span class='ocrx_word' id='word_1_88' title='bbox 241 1787 409 1854; x_wconf 84' lang='lat' dir='ltr'><strong>villaticae</strong></span> <span class='ocrx_word' id='word_1_89' title='bbox 434 1788 654 1875; x_wconf 75' lang='lat' dir='ltr'><strong>pastionibus</strong></span> <span class='ocrx_word' id='word_1_90' title='bbox 678 1787 705 1874; x_wconf 70' lang='grc'><strong>1)</strong></span> <span class='ocrx_word' id='word_1_91' title='bbox 729 1787 835 1867; x_wconf 90' lang='lat' dir='ltr'><strong>oletis,</strong></span> <span class='ocrx_word' id='word_1_92' title='bbox 860 1788 978 1869; x_wconf 83' lang='lat' dir='ltr'><strong>vincia,</strong></span> <span class='ocrx_word' id='word_1_93' title='bbox 1003 1787 1098 1854; x_wconf 91' lang='lat' dir='ltr'><strong>silvis</strong></span> <span class='ocrx_word' id='word_1_94' title='bbox 1118 1795 1191 1854; x_wconf 91' lang='lat' dir='ltr'><strong>tam</strong></span> <span class='ocrx_word' id='word_1_95' title='bbox 1211 1789 1348 1854; x_wconf 85' lang='lat' dir='ltr'><strong>caeduis</strong></span> 
     </span>
     <span class='ocr_line' id='line_1_13' title="bbox 178 1901 1348 1988; baseline 0 -22"><span class='ocrx_word' id='word_1_96' title='bbox 178 1923 283 1988; x_wconf 91' lang='lat' dir='ltr'><strong>quarn</strong></span> <span class='ocrx_word' id='word_1_97' title='bbox 306 1903 448 1988; x_wconf 70' lang='lat' dir='ltr'><strong>pascuis</strong></span> <span class='ocrx_word' id='word_1_98' title='bbox 472 1902 666 1988; x_wconf 88' lang='lat' dir='ltr'><strong>lapicidinis</strong></span> <span class='ocrx_word' id='word_1_99' title='bbox 689 1924 836 1988; x_wconf 92' lang='lat' dir='ltr'><strong>quoque,</strong></span> <span class='ocrx_word' id='word_1_100' title='bbox 862 1901 1058 1967; x_wconf 85' lang='lat' dir='ltr'><strong>fornacibus</strong></span> <span class='ocrx_word' id='word_1_101' title='bbox 1081 1901 1244 1983; x_wconf 89' lang='lat' dir='ltr'><strong>calcariis,</strong></span> <span class='ocrx_word' id='word_1_102' title='bbox 1261 1901 1348 1987; x_wconf 91' lang='lat' dir='ltr'><strong>figli-</strong></span> 
     </span>
     <span class='ocr_line' id='line_1_14' title="bbox 178 2014 1121 2101; baseline 0.001 -22"><span class='ocrx_word' id='word_1_103' title='bbox 178 2016 240 2095; x_wconf 89' lang='lat' dir='ltr'><strong>nis,</strong></span> <span class='ocrx_word' id='word_1_104' title='bbox 263 2014 453 2080; x_wconf 90' lang='lat' dir='ltr'><strong>histonibus</strong></span> <span class='ocrx_word' id='word_1_105' title='bbox 474 2022 507 2080; x_wconf 89' lang='lat' dir='ltr'><strong>et</strong></span> <span class='ocrx_word' id='word_1_106' title='bbox 531 2037 618 2101; x_wconf 90' lang='lat' dir='ltr'><strong>quae</strong></span> <span class='ocrx_word' id='word_1_107' title='bbox 642 2022 721 2079; x_wconf 89' lang='lat' dir='ltr'><strong>sunt</strong></span> <span class='ocrx_word' id='word_1_108' title='bbox 744 2016 877 2099; x_wconf 88' lang='lat' dir='ltr'><strong>generis</strong></span> <span class='ocrx_word' id='word_1_109' title='bbox 902 2015 1065 2080; x_wconf 87' lang='lat' dir='ltr'><strong>ciusdem.</strong></span> <span class='ocrx_word' id='word_1_110' title='bbox 1095 2016 1121 2101; x_wconf 69' lang='grc'><strong>4)</strong></span> 
     </span>
    </p>

    <p class='ocr_par' dir='ltr' id='par_1_3' title="bbox 179 2128 1350 2420">
     <span class='ocr_line' id='line_1_15' title="bbox 222 2128 1348 2215; baseline 0.002 -23"><span class='ocrx_word' id='word_1_111' title='bbox 222 2152 246 2193; x_wconf 87' lang='lat' dir='ltr'><strong>c.</strong></span> <span class='ocrx_word' id='word_1_112' title='bbox 292 2128 453 2194; x_wconf 72' lang='lat' dir='ltr'><strong>immerso</strong></span> <span class='ocrx_word' id='word_1_113' title='bbox 479 2130 631 2214; x_wconf 74' lang='lat' dir='ltr'><strong>pecuniae</strong></span> <span class='ocrx_word' id='word_1_114' title='bbox 651 2129 808 2214; x_wconf 78' lang='lat' dir='ltr'><strong>cupiditas</strong></span> <span class='ocrx_word' id='word_1_115' title='bbox 821 2129 1069 2214; x_wconf 72' lang='lat' dir='ltr'><strong>foeneratorum,</strong></span> <span class='ocrx_word' id='word_1_116' title='bbox 1096 2129 1156 2215; x_wconf 92' lang='lat' dir='ltr'><strong>qui</strong></span> <span class='ocrx_word' id='word_1_117' title='bbox 1179 2151 1250 2194; x_wconf 88' lang='lat' dir='ltr'><strong>non</strong></span> <span class='ocrx_word' id='word_1_118' title='bbox 1272 2151 1348 2196; x_wconf 90' lang='lat' dir='ltr'><strong>raro</strong></span> 
     </span>
     <span class='ocr_line' id='line_1_16' title="bbox 180 2241 1350 2328; baseline 0.002 -22"><span class='ocrx_word' id='word_1_119' title='bbox 180 2263 298 2306; x_wconf 88' lang='lat' dir='ltr'><strong>usuras</strong></span> <span class='ocrx_word' id='word_1_120' title='bbox 333 2263 376 2307; x_wconf 86' lang='lat' dir='ltr'><strong>ex</strong></span> <span class='ocrx_word' id='word_1_121' title='bbox 398 2241 539 2306; x_wconf 90' lang='lat' dir='ltr'><strong>libidine</strong></span> <span class='ocrx_word' id='word_1_122' title='bbox 564 2241 817 2306; x_wconf 86' lang='lat' dir='ltr'><strong>constituebant</strong></span> <span class='ocrx_word' id='word_1_123' title='bbox 840 2242 1073 2328; x_wconf 87' lang='lat' dir='ltr'><strong>pecuniasque</strong></span> <span class='ocrx_word' id='word_1_124' title='bbox 1098 2241 1218 2307; x_wconf 89' lang='lat' dir='ltr'><strong>acerbe</strong></span> <span class='ocrx_word' id='word_1_125' title='bbox 1236 2243 1350 2327; x_wconf 89' lang='lat' dir='ltr'><strong>exige·</strong></span> 
     </span>
     <span class='ocr_line' id='line_1_17' title="bbox 179 2353 701 2420; baseline -0.002 0"><span class='ocrx_word' id='word_1_126' title='bbox 179 2355 262 2420; x_wconf 93' lang='lat' dir='ltr'><strong>bant</strong></span> <span class='ocrx_word' id='word_1_127' title='bbox 285 2377 305 2420; x_wconf 90' lang='lat' dir='ltr'><strong>a</strong></span> <span class='ocrx_word' id='word_1_128' title='bbox 328 2356 459 2420; x_wconf 90' lang='lat' dir='ltr'><strong>miseris</strong></span> <span class='ocrx_word' id='word_1_129' title='bbox 482 2353 701 2420; x_wconf 88' lang='lat' dir='ltr'><strong>debitoribus.</strong></span> 
     </span>
    </p>

    <p class='ocr_par' dir='ltr' id='par_1_4' title="bbox 179 2467 1348 2782">
     <span class='ocr_line' id='line_1_18' title="bbox 224 2467 1348 2555; baseline 0.001 -22"><span class='ocrx_word' id='word_1_130' title='bbox 224 2469 274 2533; x_wconf 93' lang='lat' dir='ltr'><strong>De</strong></span> <span class='ocrx_word' id='word_1_131' title='bbox 297 2467 422 2533; x_wconf 89' lang='lat' dir='ltr'><strong>crebris</strong></span> <span class='ocrx_word' id='word_1_132' title='bbox 445 2468 578 2553; x_wconf 89' lang='lat' dir='ltr'><strong>legibus</strong></span> <span class='ocrx_word' id='word_1_133' title='bbox 603 2469 727 2555; x_wconf 91' lang='lat' dir='ltr'><strong>quibus</strong></span> <span class='ocrx_word' id='word_1_134' title='bbox 751 2469 900 2534; x_wconf 82' lang='lat' dir='ltr'><strong>Romani</strong></span> <span class='ocrx_word' id='word_1_135' title='bbox 923 2469 1062 2534; x_wconf 88' lang='lat' dir='ltr'><strong>illorum</strong></span> <span class='ocrx_word' id='word_1_136' title='bbox 1086 2469 1218 2534; x_wconf 89' lang='lat' dir='ltr'><strong>astutiis</strong></span> <span class='ocrx_word' id='word_1_137' title='bbox 1234 2491 1348 2535; x_wconf 90' lang='lat' dir='ltr'><strong>occur-</strong></span> 
     </span>
     <span class='ocr_line' id='line_1_19' title="bbox 179 2581 1347 2667; baseline 0.002 -21"><span class='ocrx_word' id='word_1_138' title='bbox 179 2603 251 2648; x_wconf 88' lang='lat' dir='ltr'><strong>rere</strong></span> <span class='ocrx_word' id='word_1_139' title='bbox 286 2582 507 2663; x_wconf 87' lang='lat' dir='ltr'><strong>conabantur,</strong></span> <span class='ocrx_word' id='word_1_140' title='bbox 547 2582 584 2646; x_wconf 90' lang='lat' dir='ltr'><strong>in</strong></span> <span class='ocrx_word' id='word_1_141' title='bbox 622 2582 727 2648; x_wconf 87' lang='lat' dir='ltr'><strong>altero</strong></span> <span class='ocrx_word' id='word_1_142' title='bbox 761 2583 848 2648; x_wconf 89' lang='lat' dir='ltr'><strong>libro</strong></span> <span class='ocrx_word' id='word_1_143' title='bbox 872 2605 982 2667; x_wconf 87' lang='lat' dir='ltr'><strong>agam.</strong></span> <span class='ocrx_word' id='word_1_144' title='bbox 1030 2583 1077 2648; x_wconf 85' lang='lat' dir='ltr'><strong>At</strong></span> <span class='ocrx_word' id='word_1_145' title='bbox 1100 2583 1166 2649; x_wconf 94' lang='lat' dir='ltr'><strong>viri</strong></span> <span class='ocrx_word' id='word_1_146' title='bbox 1189 2581 1347 2649; x_wconf 90' lang='lat' dir='ltr'><strong>civilibus</strong></span> 
     </span>
     <span class='ocr_line' id='line_1_20' title="bbox 179 2681 1345 2782; baseline 0.002 -22"><span class='ocrx_word' id='word_1_147' title='bbox 179 2694 308 2760; x_wconf 89' lang='lat' dir='ltr'><strong>artibus</strong></span> <span class='ocrx_word' id='word_1_148' title='bbox 330 2681 539 2781; x_wconf 85' lang='lat' dir='ltr'><strong>praestantes</strong></span> <span class='ocrx_word' id='word_1_149' title='bbox 562 2717 739 2760; x_wconf 88' lang='lat' dir='ltr'><strong>servorum</strong></span> <span class='ocrx_word' id='word_1_150' title='bbox 763 2717 899 2782; x_wconf 90' lang='lat' dir='ltr'><strong>quoque</strong></span> <span class='ocrx_word' id='word_1_151' title='bbox 920 2718 1047 2780; x_wconf 89' lang='lat' dir='ltr'><strong>magno</strong></span> <span class='ocrx_word' id='word_1_152' title='bbox 1070 2697 1282 2762; x_wconf 91' lang='lat' dir='ltr'><strong>incremento</strong></span> <span class='ocrx_word' id='word_1_153' title='bbox 1302 2697 1345 2762; x_wconf 92' lang='lat' dir='ltr'><strong>ob</strong></span> 
     </span>
    </p>
   </div>
   <div class='ocr_carea' id='block_1_3' title="bbox 178 2856 1346 3017">
    <p class='ocr_par' dir='ltr' id='par_1_5' title="bbox 178 2856 1346 3017">
     <span class='ocr_line' id='line_1_21' title="bbox 178 2856 1346 2936; baseline -0.003 -20"><span class='ocrx_word' id='word_1_154' title='bbox 178 2858 246 2918; x_wconf 73' lang='grc' dir='ltr'><em>οὔτε</em></span> <span class='ocrx_word' id='word_1_155' title='bbox 276 2857 467 2936; x_wconf 67' lang='grc' dir='ltr'><em>χειρετὲχνην</em></span> <span class='ocrx_word' id='word_1_156' title='bbox 497 2856 563 2930; x_wconf 66' lang='grc' dir='ltr'><strong>βίαν</strong></span> <span class='ocrx_word' id='word_1_157' title='bbox 585 2856 690 2936; x_wconf 74' lang='grc' dir='ltr'><em>ἕχειν.”</em></span> <span class='ocrx_word' id='word_1_158' title='bbox 712 2865 758 2928; x_wconf 78' lang='lat' dir='ltr'><strong>[De</strong></span> <span class='ocrx_word' id='word_1_159' title='bbox 775 2865 818 2913; x_wconf 90' lang='lat' dir='ltr'><strong>hoc</strong></span> <span class='ocrx_word' id='word_1_160' title='bbox 836 2865 887 2913; x_wconf 84' lang='lat' dir='ltr'><strong>loco</strong></span> <span class='ocrx_word' id='word_1_161' title='bbox 905 2871 984 2914; x_wconf 72' lang='lat' dir='ltr'><strong>tanton</strong></span> <span class='ocrx_word' id='word_1_162' title='bbox 1003 2883 1073 2930; x_wconf 89' lang='lat' dir='ltr'><strong>supra</strong></span> <span class='ocrx_word' id='word_1_163' title='bbox 1091 2883 1142 2930; x_wconf 85' lang='lat' dir='ltr'><strong>pag.</strong></span> <span class='ocrx_word' id='word_1_164' title='bbox 1154 2865 1267 2930; x_wconf 59' lang='lat' dir='ltr'><strong>samir.</strong></span> <span class='ocrx_word' id='word_1_165' title='bbox 1278 2865 1346 2913; x_wconf 83' lang='lat' dir='ltr'>XXII</span> 
     </span>
     <span class='ocr_line' id='line_1_22' title="bbox 178 2954 1345 3017; baseline 0 -15"><span class='ocrx_word' id='word_1_166' title='bbox 178 2955 217 3012; x_wconf 79' lang='lat'><strong>25,</strong></span> <span class='ocrx_word' id='word_1_167' title='bbox 237 2955 275 3012; x_wconf 90' lang='lat'><strong>18,</strong></span> <span class='ocrx_word' id='word_1_168' title='bbox 295 2955 341 3002; x_wconf 76' lang='lat'><strong>19:</strong></span> <span class='ocrx_word' id='word_1_169' title='bbox 369 2955 421 3017; x_wconf 44' lang='grc' dir='ltr'><strong>ΛΟ.</strong></span> <span class='ocrx_word' id='word_1_170' title='bbox 439 2954 562 3002; x_wconf 81' lang='lat' dir='ltr'><strong>Terentius</strong></span> <span class='ocrx_word' id='word_1_171' title='bbox 580 2955 660 3014; x_wconf 77' lang='lat' dir='ltr'><strong>l&#39;arro)</strong></span> <span class='ocrx_word' id='word_1_172' title='bbox 678 2954 729 3002; x_wconf 92' lang='lat' dir='ltr'><strong>loco</strong></span> <span class='ocrx_word' id='word_1_173' title='bbox 754 2971 801 3002; x_wconf 88' lang='lat' dir='ltr'><strong>non</strong></span> <span class='ocrx_word' id='word_1_174' title='bbox 820 2955 907 3004; x_wconf 88' lang='lat' dir='ltr'><strong>humili</strong></span> <span class='ocrx_word' id='word_1_175' title='bbox 925 2956 1002 3004; x_wconf 85' lang='lat' dir='ltr'><strong>solunr</strong></span> <span class='ocrx_word' id='word_1_176' title='bbox 1020 2956 1147 3004; x_wconf 87' lang='lat' dir='ltr'><strong>sedetiam</strong></span> <span class='ocrx_word' id='word_1_177' title='bbox 1164 2955 1345 3003; x_wconf 88' lang='lat' dir='ltr'><strong>sordidoortus.</strong></span> 
     </span>
    </p>
   </div>
   <div class='ocr_carea' id='block_1_4' title="bbox 176 3035 1346 3184">
    <p class='ocr_par' dir='ltr' id='par_1_6' title="bbox 176 3035 1346 3184">
     <span class='ocr_line' id='line_1_23' title="bbox 176 3035 1346 3102; baseline 0.002 -18"><span class='ocrx_word' id='word_1_178' title='bbox 176 3041 265 3101; x_wconf 84' lang='lat' dir='ltr'><strong>patrem</strong></span> <span class='ocrx_word' id='word_1_179' title='bbox 282 3035 374 3084; x_wconf 86' lang='lat' dir='ltr'><strong>lanium</strong></span> <span class='ocrx_word' id='word_1_180' title='bbox 391 3037 464 3084; x_wconf 83' lang='lat' dir='ltr'><strong>luisse</strong></span> <span class='ocrx_word' id='word_1_181' title='bbox 479 3037 564 3094; x_wconf 84' lang='lat' dir='ltr'><strong>serunt,</strong></span> <span class='ocrx_word' id='word_1_182' title='bbox 582 3037 660 3100; x_wconf 88' lang='lat' dir='ltr'><strong>ipsum</strong></span> <span class='ocrx_word' id='word_1_183' title='bbox 678 3037 808 3086; x_wconf 88' lang='lat' dir='ltr'><strong>institorem</strong></span> <span class='ocrx_word' id='word_1_184' title='bbox 834 3039 925 3096; x_wconf 87' lang='lat' dir='ltr'><strong>mercis,</strong></span> <span class='ocrx_word' id='word_1_185' title='bbox 951 3039 1046 3102; x_wconf 87' lang='lat' dir='ltr'><strong>filioque</strong></span> <span class='ocrx_word' id='word_1_186' title='bbox 1072 3039 1115 3086; x_wconf 93' lang='lat' dir='ltr'><strong>hoc</strong></span> <span class='ocrx_word' id='word_1_187' title='bbox 1131 3039 1183 3102; x_wconf 85' lang='lat' dir='ltr'><strong>ipso</strong></span> <span class='ocrx_word' id='word_1_188' title='bbox 1200 3039 1225 3085; x_wconf 92' lang='lat' dir='ltr'><strong>in</strong></span> <span class='ocrx_word' id='word_1_189' title='bbox 1243 3037 1346 3095; x_wconf 68' lang='lat' dir='ltr'><strong>serviliis,</strong></span> 
     </span>
     <span class='ocr_line' id='line_1_24' title="bbox 177 3118 1260 3184; baseline -0.001 -17"><span class='ocrx_word' id='word_1_190' title='bbox 177 3120 226 3167; x_wconf 84' lang='lat' dir='ltr'><strong>eius</strong></span> <span class='ocrx_word' id='word_1_191' title='bbox 244 3119 299 3167; x_wconf 86' lang='lat' dir='ltr'><strong>artis</strong></span> <span class='ocrx_word' id='word_1_192' title='bbox 318 3119 449 3166; x_wconf 84' lang='lat' dir='ltr'><strong>ministeriu</strong></span> <span class='ocrx_word' id='word_1_193' title='bbox 467 3119 560 3166; x_wconf 85' lang='lat' dir='ltr'><strong>nsnm.”</strong></span> <span class='ocrx_word' id='word_1_194' title='bbox 579 3118 661 3167; x_wconf 78' lang='lat' dir='ltr'><strong>Plures</strong></span> <span class='ocrx_word' id='word_1_195' title='bbox 679 3119 741 3166; x_wconf 87' lang='lat' dir='ltr'><strong>locos</strong></span> <span class='ocrx_word' id='word_1_196' title='bbox 760 3120 813 3167; x_wconf 89' lang='lat' dir='ltr'><strong>vide</strong></span> <span class='ocrx_word' id='word_1_197' title='bbox 830 3121 892 3184; x_wconf 86' lang='lat' dir='ltr'><strong>apud</strong></span> <span class='ocrx_word' id='word_1_198' title='bbox 912 3121 986 3184; x_wconf 87' lang='lat' dir='ltr'><strong>Marq.</strong></span> <span class='ocrx_word' id='word_1_199' title='bbox 1005 3120 1115 3168; x_wconf 68' lang='lat' dir='ltr'><strong>Privati*</strong></span> <span class='ocrx_word' id='word_1_200' title='bbox 1134 3135 1185 3184; x_wconf 82' lang='lat' dir='ltr'><strong>pag.</strong></span> <span class='ocrx_word' id='word_1_201' title='bbox 1204 3120 1260 3167; x_wconf 82' lang='lat'><strong>401.</strong></span> 
     </span>
    </p>
   </div>
   <div class='ocr_carea' id='block_1_5' title="bbox 213 3201 1444 3268">
    <p class='ocr_par' dir='ltr' id='par_1_7' title="bbox 213 3201 1444 3268">
     <span class='ocr_line' id='line_1_25' title="bbox 213 3201 1444 3268; baseline 0.002 -19"><span class='ocrx_word' id='word_1_202' title='bbox 213 3202 228 3260; x_wconf 83' lang='lat' dir='ltr'><strong>¹J</strong></span> <span class='ocrx_word' id='word_1_203' title='bbox 255 3202 291 3250; x_wconf 79' lang='lat' dir='ltr'><strong>cf.</strong></span> <span class='ocrx_word' id='word_1_204' title='bbox 317 3218 376 3265; x_wconf 89' lang='lat' dir='ltr'><strong>quae</strong></span> <span class='ocrx_word' id='word_1_205' title='bbox 405 3201 501 3250; x_wconf 82' lang='lat' dir='ltr'><strong>Plinius</strong></span> <span class='ocrx_word' id='word_1_206' title='bbox 527 3205 606 3250; x_wconf 88' lang='lat' dir='ltr'><strong>narrat</strong></span> <span class='ocrx_word' id='word_1_207' title='bbox 632 3202 659 3249; x_wconf 88' lang='lat' dir='ltr'><strong>de</strong></span> <span class='ocrx_word' id='word_1_208' title='bbox 676 3202 746 3250; x_wconf 70' lang='lat' dir='ltr'><strong>&#39;lario</strong></span> <span class='ocrx_word' id='word_1_209' title='bbox 764 3203 863 3265; x_wconf 88' lang='lat' dir='ltr'><strong>quodam</strong></span> <span class='ocrx_word' id='word_1_210' title='bbox 885 3204 945 3251; x_wconf 83' lang='lat' dir='ltr'><strong>Rufo</strong></span> <span class='ocrx_word' id='word_1_211' title='bbox 963 3205 1001 3264; x_wconf 82' lang='lat' dir='ltr'><strong>(N.</strong></span> <span class='ocrx_word' id='word_1_212' title='bbox 1020 3204 1052 3251; x_wconf 83' lang='grc' dir='ltr'><strong>Η.</strong></span> <span class='ocrx_word' id='word_1_213' title='bbox 1071 3203 1159 3260; x_wconf 91' lang='lat' dir='ltr'><strong>XVIII,</strong></span> <span class='ocrx_word' id='word_1_214' title='bbox 1178 3203 1200 3258; x_wconf 88' lang='grc'><strong>6,</strong></span> <span class='ocrx_word' id='word_1_215' title='bbox 1220 3203 1275 3262; x_wconf 69' lang='lat' dir='ltr'><strong>ab:</strong></span> <span class='ocrx_word' id='word_1_216' title='bbox 1301 3204 1343 3268; x_wconf 81' lang='lat' dir='ltr'><strong>„L·</strong></span> <span class='ocrx_word' id='word_1_217' title='bbox 1442 3239 1444 3244; x_wconf 87' lang='lat'>-</span> 
     </span>
    </p>
   </div>
   <div class='ocr_carea' id='block_1_6' title="bbox 170 3283 1353 4260">
    <p class='ocr_par' dir='ltr' id='par_1_8' title="bbox 176 3283 1346 3596">
     <span class='ocr_line' id='line_1_26' title="bbox 177 3283 1346 3346; baseline 0.002 -14"><span class='ocrx_word' id='word_1_218' title='bbox 177 3285 261 3332; x_wconf 80' lang='lat' dir='ltr'><strong>&#39;Parius</strong></span> <span class='ocrx_word' id='word_1_219' title='bbox 290 3285 366 3332; x_wconf 77' lang='lat' dir='ltr'><strong>nulus</strong></span> <span class='ocrx_word' id='word_1_220' title='bbox 392 3285 473 3332; x_wconf 87' lang='lat' dir='ltr'><strong>infima</strong></span> <span class='ocrx_word' id='word_1_221' title='bbox 498 3283 613 3332; x_wconf 89' lang='lat' dir='ltr'><strong>natalium</strong></span> <span class='ocrx_word' id='word_1_222' title='bbox 639 3285 776 3333; x_wconf 83' lang='lat' dir='ltr'><strong>humilitate</strong></span> <span class='ocrx_word' id='word_1_223' title='bbox 801 3285 950 3334; x_wconf 86' lang='lat' dir='ltr'><strong>consulatum</strong></span> <span class='ocrx_word' id='word_1_224' title='bbox 977 3285 1078 3334; x_wconf 85' lang='lat' dir='ltr'><strong>militari</strong></span> <span class='ocrx_word' id='word_1_225' title='bbox 1105 3285 1223 3334; x_wconf 85' lang='lat' dir='ltr'><strong>industria</strong></span> <span class='ocrx_word' id='word_1_226' title='bbox 1239 3285 1346 3346; x_wconf 85' lang='lat' dir='ltr'><strong>meritus,</strong></span> 
     </span>
     <span class='ocr_line' id='line_1_27' title="bbox 176 3366 1346 3432; baseline 0.001 -16"><span class='ocrx_word' id='word_1_227' title='bbox 176 3368 287 3432; x_wconf 87' lang='lat' dir='ltr'><strong>antiquae</strong></span> <span class='ocrx_word' id='word_1_228' title='bbox 312 3366 370 3415; x_wconf 86' lang='lat' dir='ltr'><strong>alias</strong></span> <span class='ocrx_word' id='word_1_229' title='bbox 388 3367 550 3430; x_wconf 82' lang='lat' dir='ltr'><strong>parsimoniae,</strong></span> <span class='ocrx_word' id='word_1_230' title='bbox 569 3367 662 3415; x_wconf 80' lang='lat' dir='ltr'><strong>circiter</strong></span> <span class='ocrx_word' id='word_1_231' title='bbox 679 3367 775 3415; x_wconf 79' lang='lat' dir='ltr'><strong>inlliens</strong></span> <span class='ocrx_word' id='word_1_232' title='bbox 793 3369 841 3416; x_wconf 86' lang='lat' dir='ltr'><strong>llS.</strong></span> <span class='ocrx_word' id='word_1_233' title='bbox 861 3368 1004 3417; x_wconf 86' lang='lat' dir='ltr'><strong>liberalitate</strong></span> <span class='ocrx_word' id='word_1_234' title='bbox 1021 3369 1071 3417; x_wconf 92' lang='lat' dir='ltr'><strong>divi</strong></span> <span class='ocrx_word' id='word_1_235' title='bbox 1093 3369 1192 3432; x_wconf 80' lang='lat' dir='ltr'><strong>Augusti</strong></span> <span class='ocrx_word' id='word_1_236' title='bbox 1210 3372 1346 3432; x_wconf 86' lang='lat' dir='ltr'><strong>congestum</strong></span> 
     </span>
     <span class='ocr_line' id='line_1_28' title="bbox 177 3450 1345 3515; baseline 0 -17"><span class='ocrx_word' id='word_1_237' title='bbox 177 3467 250 3514; x_wconf 83' lang='lat' dir='ltr'><strong>usqne</strong></span> <span class='ocrx_word' id='word_1_238' title='bbox 274 3451 304 3498; x_wconf 86' lang='lat' dir='ltr'><strong>ad</strong></span> <span class='ocrx_word' id='word_1_239' title='bbox 329 3450 517 3498; x_wconf 85' lang='lat' dir='ltr'><strong>detractationem</strong></span> <span class='ocrx_word' id='word_1_240' title='bbox 545 3450 637 3498; x_wconf 88' lang='lat' dir='ltr'><strong>heredis</strong></span> <span class='ocrx_word' id='word_1_241' title='bbox 662 3450 766 3498; x_wconf 77' lang='lat' dir='ltr'><strong>exhausit</strong></span> <span class='ocrx_word' id='word_1_242' title='bbox 784 3467 850 3514; x_wconf 85' lang='lat' dir='ltr'><strong>agros</strong></span> <span class='ocrx_word' id='word_1_243' title='bbox 869 3451 894 3498; x_wconf 91' lang='lat' dir='ltr'><strong>in</strong></span> <span class='ocrx_word' id='word_1_244' title='bbox 913 3451 999 3498; x_wconf 91' lang='lat' dir='ltr'><strong>Piceno</strong></span> <span class='ocrx_word' id='word_1_245' title='bbox 1017 3451 1142 3499; x_wconf 87' lang='lat' dir='ltr'><strong>coemendo</strong></span> <span class='ocrx_word' id='word_1_246' title='bbox 1159 3451 1303 3515; x_wconf 81' lang='lat' dir='ltr'><strong>colendoque</strong></span> <span class='ocrx_word' id='word_1_247' title='bbox 1320 3451 1345 3498; x_wconf 90' lang='lat' dir='ltr'><strong>in</strong></span> 
     </span>
     <span class='ocr_line' id='line_1_29' title="bbox 176 3532 301 3596; baseline 0 -16"><span class='ocrx_word' id='word_1_248' title='bbox 176 3532 301 3596; x_wconf 88' lang='lat' dir='ltr'><strong>gloriam.”</strong></span> 
     </span>
    </p>

    <p class='ocr_par' dir='ltr' id='par_1_9' title="bbox 172 3614 1353 3762">
     <span class='ocr_line' id='line_1_30' title="bbox 209 3614 1344 3680; baseline 0 -16"><span class='ocrx_word' id='word_1_249' title='bbox 209 3616 228 3676; x_wconf 68' lang='lat'><strong>²)</strong></span> <span class='ocrx_word' id='word_1_250' title='bbox 254 3616 290 3664; x_wconf 79' lang='lat' dir='ltr'><strong>cf.</strong></span> <span class='ocrx_word' id='word_1_251' title='bbox 310 3615 379 3678; x_wconf 85' lang='lat' dir='ltr'><strong>Voigt</strong></span> <span class='ocrx_word' id='word_1_252' title='bbox 397 3615 422 3663; x_wconf 91' lang='lat' dir='ltr'><strong>in</strong></span> <span class='ocrx_word' id='word_1_253' title='bbox 441 3615 483 3664; x_wconf 87' lang='lat' dir='ltr'><strong>Iw.</strong></span> <span class='ocrx_word' id='word_1_254' title='bbox 502 3631 524 3662; x_wconf 93' lang='lat' dir='ltr'><strong>v.</strong></span> <span class='ocrx_word' id='word_1_255' title='bbox 542 3614 599 3663; x_wconf 87' lang='lat' dir='ltr'><strong>M.&#39;s</strong></span> <span class='ocrx_word' id='word_1_256' title='bbox 617 3615 711 3664; x_wconf 89' lang='lat' dir='ltr'><strong>Handb.</strong></span> <span class='ocrx_word' id='word_1_257' title='bbox 729 3616 770 3672; x_wconf 83' lang='lat' dir='ltr'><strong>IV,</strong></span> <span class='ocrx_word' id='word_1_258' title='bbox 790 3614 823 3672; x_wconf 69' lang='lat'><strong>22,</strong></span> <span class='ocrx_word' id='word_1_259' title='bbox 841 3632 892 3679; x_wconf 89' lang='lat' dir='ltr'><strong>pag.</strong></span> <span class='ocrx_word' id='word_1_260' title='bbox 912 3616 960 3664; x_wconf 81' lang='lat'><strong>362</strong></span> <span class='ocrx_word' id='word_1_261' title='bbox 970 3637 976 3674; x_wconf 88' lang='lat'>;</span> <span class='ocrx_word' id='word_1_262' title='bbox 994 3617 1071 3680; x_wconf 90' lang='lat' dir='ltr'><strong>Marq.</strong></span> <span class='ocrx_word' id='word_1_263' title='bbox 1090 3616 1202 3666; x_wconf 63' lang='lat' dir='ltr'><strong>Privauss</strong></span> <span class='ocrx_word' id='word_1_264' title='bbox 1218 3632 1270 3680; x_wconf 85' lang='lat' dir='ltr'><strong>pag.</strong></span> <span class='ocrx_word' id='word_1_265' title='bbox 1281 3617 1344 3673; x_wconf 61' lang='lat' dir='ltr'><strong>aa&amp;</strong></span> 
     </span>
     <span class='ocr_line' id='line_1_31' title="bbox 172 3697 1353 3762; baseline 0.001 -16"><span class='ocrx_word' id='word_1_266' title='bbox 172 3699 227 3747; x_wconf 87' lang='lat' dir='ltr'><strong>StV.</strong></span> <span class='ocrx_word' id='word_1_267' title='bbox 245 3697 285 3748; x_wconf 72' lang='lat'><strong>11²</strong></span> <span class='ocrx_word' id='word_1_268' title='bbox 301 3715 352 3762; x_wconf 83' lang='lat' dir='ltr'><strong>pag.</strong></span> <span class='ocrx_word' id='word_1_269' title='bbox 370 3698 417 3746; x_wconf 77' lang='lat'><strong>112</strong></span> <span class='ocrx_word' id='word_1_270' title='bbox 434 3714 496 3760; x_wconf 86' lang='lat' dir='ltr'><strong>seqq.</strong></span> <span class='ocrx_word' id='word_1_271' title='bbox 1351 3720 1353 3724; x_wconf 55' lang='lat'><strong><em>¹</em></strong></span> 
     </span>
    </p>

    <p class='ocr_par' dir='ltr' id='par_1_10' title="bbox 170 3781 1347 4093">
     <span class='ocr_line' id='line_1_32' title="bbox 205 3781 1343 3846; baseline 0.002 -18"><span class='ocrx_word' id='word_1_272' title='bbox 205 3782 225 3843; x_wconf 81' lang='lat'><strong>³)</strong></span> <span class='ocrx_word' id='word_1_273' title='bbox 252 3782 326 3830; x_wconf 82' lang='lat' dir='ltr'><strong>Varro</strong></span> <span class='ocrx_word' id='word_1_274' title='bbox 344 3782 372 3829; x_wconf 87' lang='lat' dir='ltr'><strong>R.</strong></span> <span class='ocrx_word' id='word_1_275' title='bbox 391 3782 420 3829; x_wconf 90' lang='lat' dir='ltr'><strong>R.</strong></span> <span class='ocrx_word' id='word_1_276' title='bbox 438 3781 471 3838; x_wconf 88' lang='lat' dir='ltr'><strong>Il,</strong></span> <span class='ocrx_word' id='word_1_277' title='bbox 489 3781 560 3844; x_wconf 86' lang='lat' dir='ltr'><strong>praes.</strong></span> <span class='ocrx_word' id='word_1_278' title='bbox 579 3783 611 3828; x_wconf 79' lang='lat'><strong>4:</strong></span> <span class='ocrx_word' id='word_1_279' title='bbox 631 3781 729 3845; x_wconf 77' lang='lat' dir='ltr'><strong>„ltaque</strong></span> <span class='ocrx_word' id='word_1_280' title='bbox 747 3781 771 3829; x_wconf 90' lang='lat' dir='ltr'><strong>in</strong></span> <span class='ocrx_word' id='word_1_281' title='bbox 790 3799 837 3845; x_wconf 89' lang='lat' dir='ltr'><strong>qua</strong></span> <span class='ocrx_word' id='word_1_282' title='bbox 853 3786 915 3830; x_wconf 86' lang='lat' dir='ltr'><strong>terra</strong></span> <span class='ocrx_word' id='word_1_283' title='bbox 932 3782 1050 3831; x_wconf 87' lang='lat' dir='ltr'><strong>culturam</strong></span> <span class='ocrx_word' id='word_1_284' title='bbox 1067 3783 1117 3846; x_wconf 82' lang='lat' dir='ltr'><strong>agri</strong></span> <span class='ocrx_word' id='word_1_285' title='bbox 1130 3783 1343 3846; x_wconf 79' lang='lat' dir='ltr'><strong>docueruntpesto·</strong></span> 
     </span>
     <span class='ocr_line' id='line_1_33' title="bbox 172 3863 1345 3929; baseline 0 -15"><span class='ocrx_word' id='word_1_286' title='bbox 172 3880 209 3914; x_wconf 86' lang='lat' dir='ltr'><strong>res</strong></span> <span class='ocrx_word' id='word_1_287' title='bbox 233 3864 370 3928; x_wconf 86' lang='lat' dir='ltr'><strong>progeniem</strong></span> <span class='ocrx_word' id='word_1_288' title='bbox 396 3879 470 3920; x_wconf 79' lang='lat' dir='ltr'><strong>suain,</strong></span> <span class='ocrx_word' id='word_1_289' title='bbox 496 3863 537 3925; x_wconf 87' lang='lat' dir='ltr'><strong>qui</strong></span> <span class='ocrx_word' id='word_1_290' title='bbox 564 3863 720 3912; x_wconf 87' lang='lat' dir='ltr'><strong>condiderant</strong></span> <span class='ocrx_word' id='word_1_291' title='bbox 747 3864 837 3921; x_wconf 88' lang='lat' dir='ltr'><strong>urbem,</strong></span> <span class='ocrx_word' id='word_1_292' title='bbox 864 3865 898 3912; x_wconf 92' lang='lat' dir='ltr'><strong>ibi</strong></span> <span class='ocrx_word' id='word_1_293' title='bbox 916 3869 997 3914; x_wconf 87' lang='lat' dir='ltr'><strong>contra</strong></span> <span class='ocrx_word' id='word_1_294' title='bbox 1013 3865 1135 3929; x_wconf 78' lang='lat' dir='ltr'><strong>progemes</strong></span> <span class='ocrx_word' id='word_1_295' title='bbox 1152 3880 1233 3913; x_wconf 89' lang='lat' dir='ltr'><strong>eorum</strong></span> <span class='ocrx_word' id='word_1_296' title='bbox 1249 3868 1345 3929; x_wconf 85' lang='lat' dir='ltr'><strong>propter</strong></span> 
     </span>
     <span class='ocr_line' id='line_1_34' title="bbox 170 3944 1347 4011; baseline 0.002 -16"><span class='ocrx_word' id='word_1_297' title='bbox 170 3947 295 3996; x_wconf 84' lang='lat' dir='ltr'><strong>avaritiam</strong></span> <span class='ocrx_word' id='word_1_298' title='bbox 314 3950 395 3994; x_wconf 87' lang='lat' dir='ltr'><strong>contra</strong></span> <span class='ocrx_word' id='word_1_299' title='bbox 416 3945 478 4008; x_wconf 84' lang='lat' dir='ltr'><strong>leges</strong></span> <span class='ocrx_word' id='word_1_300' title='bbox 495 3961 521 3992; x_wconf 81' lang='lat' dir='ltr'><strong>er</strong></span> <span class='ocrx_word' id='word_1_301' title='bbox 539 3944 655 4008; x_wconf 85' lang='lat' dir='ltr'><strong>segetibus</strong></span> <span class='ocrx_word' id='word_1_302' title='bbox 674 3946 731 3995; x_wconf 81' lang='lat' dir='ltr'><strong>sealt</strong></span> <span class='ocrx_word' id='word_1_303' title='bbox 755 3951 828 4010; x_wconf 87' lang='lat' dir='ltr'><strong>pratu,</strong></span> <span class='ocrx_word' id='word_1_304' title='bbox 847 3948 981 4010; x_wconf 82' lang='lat' dir='ltr'><strong>ignorantes</strong></span> <span class='ocrx_word' id='word_1_305' title='bbox 998 3964 1045 3996; x_wconf 88' lang='lat' dir='ltr'><strong>non</strong></span> <span class='ocrx_word' id='word_1_306' title='bbox 1063 3948 1124 3996; x_wconf 87' lang='lat' dir='ltr'><strong>idem</strong></span> <span class='ocrx_word' id='word_1_307' title='bbox 1143 3963 1191 3997; x_wconf 74' lang='lat' dir='ltr'><strong>ease</strong></span> <span class='ocrx_word' id='word_1_308' title='bbox 1207 3947 1258 4011; x_wconf 82' lang='lat' dir='ltr'><strong>agri</strong></span> <span class='ocrx_word' id='word_1_309' title='bbox 1280 3947 1347 3998; x_wconf 85' lang='lat' dir='ltr'><strong>cultu</strong></span> 
     </span>
     <span class='ocr_line' id='line_1_35' title="bbox 170 4028 434 4093; baseline -0.008 -15"><span class='ocrx_word' id='word_1_310' title='bbox 170 4045 220 4078; x_wconf 82' lang='lat' dir='ltr'><strong>ram</strong></span> <span class='ocrx_word' id='word_1_311' title='bbox 237 4033 261 4077; x_wconf 90' lang='lat' dir='ltr'><strong>et</strong></span> <span class='ocrx_word' id='word_1_312' title='bbox 278 4028 434 4093; x_wconf 81' lang='lat' dir='ltr'><strong>pastionem.&#39;’</strong></span> 
     </span>
    </p>

    <p class='ocr_par' dir='ltr' id='par_1_11' title="bbox 170 4110 1345 4260">
     <span class='ocr_line' id='line_1_36' title="bbox 202 4110 1345 4177; baseline 0.005 -18"><span class='ocrx_word' id='word_1_313' title='bbox 202 4113 222 4172; x_wconf 87' lang='lat'><strong>⁴)</strong></span> <span class='ocrx_word' id='word_1_314' title='bbox 248 4111 285 4160; x_wconf 82' lang='lat' dir='ltr'><strong>Gt.</strong></span> <span class='ocrx_word' id='word_1_315' title='bbox 311 4111 382 4175; x_wconf 88' lang='lat' dir='ltr'><strong>Voigt</strong></span> <span class='ocrx_word' id='word_1_316' title='bbox 407 4110 423 4158; x_wconf 87' lang='lat' dir='ltr'><strong>l.</strong></span> <span class='ocrx_word' id='word_1_317' title='bbox 441 4110 458 4159; x_wconf 93' lang='lat' dir='ltr'><strong>l.</strong></span> <span class='ocrx_word' id='word_1_318' title='bbox 484 4126 536 4174; x_wconf 82' lang='lat' dir='ltr'><strong>pag.</strong></span> <span class='ocrx_word' id='word_1_319' title='bbox 563 4110 612 4158; x_wconf 76' lang='grc'><strong>302</strong></span> <span class='ocrx_word' id='word_1_320' title='bbox 637 4127 709 4175; x_wconf 75' lang='lat' dir='ltr'><strong>seqq,</strong></span> <span class='ocrx_word' id='word_1_321' title='bbox 735 4116 759 4160; x_wconf 84' lang='lat' dir='ltr'><strong>et</strong></span> <span class='ocrx_word' id='word_1_322' title='bbox 776 4113 854 4176; x_wconf 89' lang='lat' dir='ltr'><strong>Marq.</strong></span> <span class='ocrx_word' id='word_1_323' title='bbox 872 4113 986 4162; x_wconf 81' lang='lat' dir='ltr'><strong>Privatl.²</strong></span> <span class='ocrx_word' id='word_1_324' title='bbox 1002 4129 1053 4177; x_wconf 86' lang='lat' dir='ltr'><strong>pag.</strong></span> <span class='ocrx_word' id='word_1_325' title='bbox 1073 4113 1130 4172; x_wconf 79' lang='lat'><strong>400,</strong></span> <span class='ocrx_word' id='word_1_326' title='bbox 1147 4113 1222 4162; x_wconf 79' lang='lat' dir='ltr'><strong>stibi</strong></span> <span class='ocrx_word' id='word_1_327' title='bbox 1239 4113 1345 4165; x_wconf 79' lang='lat' dir='ltr'><strong>laudatos</strong></span> 
     </span>
     <span class='ocr_line' id='line_1_37' title="bbox 170 4192 821 4260; baseline -0.003 -16"><span class='ocrx_word' id='word_1_328' title='bbox 170 4193 244 4244; x_wconf 85' lang='lat' dir='ltr'><strong>locos.</strong></span> <span class='ocrx_word' id='word_1_329' title='bbox 263 4195 324 4242; x_wconf 85' lang='lat' dir='ltr'><strong>Vide</strong></span> <span class='ocrx_word' id='word_1_330' title='bbox 340 4194 411 4242; x_wconf 87' lang='lat' dir='ltr'><strong>etiam</strong></span> <span class='ocrx_word' id='word_1_331' title='bbox 429 4193 541 4241; x_wconf 73' lang='lat' dir='ltr'><strong>Memmi.</strong></span> <span class='ocrx_word' id='word_1_332' title='bbox 560 4192 589 4242; x_wconf 88' lang='lat' dir='ltr'><strong>R.</strong></span> <span class='ocrx_word' id='word_1_333' title='bbox 607 4193 635 4240; x_wconf 84' lang='lat' dir='ltr'><strong>G.</strong></span> <span class='ocrx_word' id='word_1_334' title='bbox 653 4193 677 4242; x_wconf 80' lang='lat'><strong>1⁸</strong></span> <span class='ocrx_word' id='word_1_335' title='bbox 695 4210 748 4260; x_wconf 83' lang='lat' dir='ltr'><strong>pag.</strong></span> <span class='ocrx_word' id='word_1_336' title='bbox 766 4194 821 4242; x_wconf 75' lang='lat'><strong>842.</strong></span> 
     </span>
    </p>
   </div>
   <div class='ocr_carea' id='block_1_7' title="bbox 0 0 1618 4998">
    <p class='ocr_par' dir='ltr' id='par_1_12' title="bbox 0 0 1618 4998">
     <span class='ocr_line' id='line_1_38' title="bbox 0 0 1618 4998; baseline 0 0"><span class='ocrx_word' id='word_1_337' title='bbox 0 0 1618 4998; x_wconf 95' lang='lat' dir='ltr'><strong> </strong></span> 
     </span>
    </p>
   </div>
  </div>
 </body>
</html>
