<?xml version="1.0" encoding="UTF-8"?>
<!DOCTYPE html PUBLIC "-//W3C//DTD XHTML 1.0 Transitional//EN"
    "http://www.w3.org/TR/xhtml1/DTD/xhtml1-transitional.dtd">
<html xmlns="http://www.w3.org/1999/xhtml" xml:lang="en" lang="en">
 <head>
  <title>
</title>
<meta http-equiv="Content-Type" content="text/html;charset=utf-8" />
  <meta name='ocr-system' content='tesseract 3.04.00' />
  <meta name='ocr-capabilities' content='ocr_page ocr_carea ocr_par ocr_line ocrx_word'/>
</head>
<body>
  <div class='ocr_page' id='page_1' title='image "./depauperumcuraa00essegoog_0172.png"; bbox 0 0 3274 4998; ppageno 0'>
   <div class='ocr_carea' id='block_1_1' title="bbox 829 539 894 606">
    <p class='ocr_par' dir='ltr' id='par_1_1' title="bbox 829 539 894 606">
     <span class='ocr_line' id='line_1_1' title="bbox 829 539 894 606; baseline 0.031 -2"><span class='ocrx_word' id='word_1_1' title='bbox 829 539 894 606; x_wconf 80' lang='lat'>154</span> 
     </span>
    </p>
   </div>
   <div class='ocr_carea' id='block_1_2' title="bbox 276 709 1448 906">
    <p class='ocr_par' dir='ltr' id='par_1_2' title="bbox 276 709 1448 906">
     <span class='ocr_line' id='line_1_2' title="bbox 276 709 1447 807; baseline 0 -25"><span class='ocrx_word' id='word_1_2' title='bbox 276 709 457 782; x_wconf 85' lang='lat' dir='ltr'>ostendent</span> <span class='ocrx_word' id='word_1_3' title='bbox 478 713 632 782; x_wconf 89' lang='lat' dir='ltr'>tribuum</span> <span class='ocrx_word' id='word_1_4' title='bbox 655 715 794 782; x_wconf 92' lang='lat' dir='ltr'>nomine</span> <span class='ocrx_word' id='word_1_5' title='bbox 817 723 935 802; x_wconf 75' lang='lat' dir='ltr'>equites</span> <span class='ocrx_word' id='word_1_6' title='bbox 959 737 1096 804; x_wconf 89' lang='lat' dir='ltr'>quoque</span> <span class='ocrx_word' id='word_1_7' title='bbox 1120 716 1300 802; x_wconf 85' lang='lat' dir='ltr'>designari.</span> <span class='ocrx_word' id='word_1_8' title='bbox 1326 715 1352 807; x_wconf 87' lang='lat'>¹)</span> <span class='ocrx_word' id='word_1_9' title='bbox 1387 717 1447 782; x_wconf 86' lang='lat' dir='ltr'>Af·</span> 
     </span>
     <span class='ocr_line' id='line_1_3' title="bbox 276 819 1448 906; baseline 0.002 -20"><span class='ocrx_word' id='word_1_10' title='bbox 276 821 434 888; x_wconf 84' lang='lat' dir='ltr'>feruntur</span> <span class='ocrx_word' id='word_1_11' title='bbox 457 819 571 906; x_wconf 85' lang='lat' dir='ltr'>vulg0,</span> <span class='ocrx_word' id='word_1_12' title='bbox 596 821 662 888; x_wconf 89' lang='lat' dir='ltr'>nisi</span> <span class='ocrx_word' id='word_1_13' title='bbox 684 821 793 903; x_wconf 83' lang='lat' dir='ltr'>fallor,</span> <span class='ocrx_word' id='word_1_14' title='bbox 820 821 909 887; x_wconf 92' lang='lat' dir='ltr'>Plin.</span> <span class='ocrx_word' id='word_1_15' title='bbox 934 821 976 887; x_wconf 91' lang='lat' dir='ltr'>N.</span> <span class='ocrx_word' id='word_1_16' title='bbox 1001 822 1046 888; x_wconf 92' lang='lat' dir='ltr'>H.</span> <span class='ocrx_word' id='word_1_17' title='bbox 1072 821 1225 897; x_wconf 84' lang='lat' dir='ltr'>XVIIII,</span> <span class='ocrx_word' id='word_1_18' title='bbox 1250 823 1281 904; x_wconf 85' lang='lat'>4,</span> <span class='ocrx_word' id='word_1_19' title='bbox 1296 823 1357 890; x_wconf 85' lang='lat'>54:</span> <span class='ocrx_word' id='word_1_20' title='bbox 1386 822 1448 904; x_wconf 85' lang='lat' dir='ltr'>„In</span> 
     </span>
    </p>
   </div>
   <div class='ocr_carea' id='block_1_3' title="bbox 275 933 1450 2950">
    <p class='ocr_par' dir='ltr' id='par_1_3' title="bbox 275 933 1450 2950">
     <span class='ocr_line' id='line_1_4' title="bbox 276 933 1449 1022; baseline 0 -22"><span class='ocrx_word' id='word_1_21' title='bbox 276 933 331 1000; x_wconf 89' lang='lat' dir='ltr'>his</span> <span class='ocrx_word' id='word_1_22' title='bbox 364 933 421 1020; x_wconf 87' lang='lat' dir='ltr'>(se.</span> <span class='ocrx_word' id='word_1_23' title='bbox 445 934 483 999; x_wconf 94' lang='lat' dir='ltr'>in</span> <span class='ocrx_word' id='word_1_24' title='bbox 506 933 633 1022; x_wconf 85' lang='lat' dir='ltr'>herbis)</span> <span class='ocrx_word' id='word_1_25' title='bbox 674 946 826 1021; x_wconf 89' lang='lat' dir='ltr'>quoque</span> <span class='ocrx_word' id='word_1_26' title='bbox 845 933 961 1021; x_wconf 85' lang='lat' dir='ltr'>alique</span> <span class='ocrx_word' id='word_1_27' title='bbox 984 934 1048 1002; x_wconf 88' lang='lat' dir='ltr'>sibi</span> <span class='ocrx_word' id='word_1_28' title='bbox 1070 935 1163 1002; x_wconf 88' lang='lat' dir='ltr'>nasci</span> <span class='ocrx_word' id='word_1_29' title='bbox 1187 935 1296 1002; x_wconf 88' lang='lat' dir='ltr'>tribus</span> <span class='ocrx_word' id='word_1_30' title='bbox 1318 941 1449 1021; x_wconf 86' lang='lat' dir='ltr'>negant</span> 
     </span>
     <span class='ocr_line' id='line_1_5' title="bbox 277 1045 1448 1136; baseline 0.002 -22"><span class='ocrx_word' id='word_1_31' title='bbox 277 1047 373 1114; x_wconf 85' lang='lat' dir='ltr'>caule</span> <span class='ocrx_word' id='word_1_32' title='bbox 396 1045 433 1112; x_wconf 90' lang='lat' dir='ltr'>in</span> <span class='ocrx_word' id='word_1_33' title='bbox 455 1053 592 1114; x_wconf 84' lang='lat' dir='ltr'>tentum</span> <span class='ocrx_word' id='word_1_34' title='bbox 615 1048 768 1133; x_wconf 80' lang='lat' dir='ltr'>saginato</span> <span class='ocrx_word' id='word_1_35' title='bbox 792 1054 831 1114; x_wconf 92' lang='lat' dir='ltr'>ut</span> <span class='ocrx_word' id='word_1_36' title='bbox 842 1049 1001 1135; x_wconf 80' lang='lat' dir='ltr'>pauperis</span> <span class='ocrx_word' id='word_1_37' title='bbox 1014 1070 1131 1116; x_wconf 89' lang='lat' dir='ltr'>menso</span> <span class='ocrx_word' id='word_1_38' title='bbox 1145 1071 1214 1115; x_wconf 93' lang='lat' dir='ltr'>non</span> <span class='ocrx_word' id='word_1_39' title='bbox 1229 1050 1342 1136; x_wconf 81' lang='lat' dir='ltr'>cupiat</span> <span class='ocrx_word' id='word_1_40' title='bbox 1353 1049 1390 1116; x_wconf 73' lang='lat' dir='ltr'>‘t”</span> <span class='ocrx_word' id='word_1_41' title='bbox 1403 1087 1448 1098; x_wconf 91' lang='lat'>—</span> 
     </span>
     <span class='ocr_line' id='line_1_6' title="bbox 277 1157 1446 1246; baseline 0.002 -20"><span class='ocrx_word' id='word_1_42' title='bbox 277 1161 377 1226; x_wconf 84' lang='lat' dir='ltr'>Mart.</span> <span class='ocrx_word' id='word_1_43' title='bbox 398 1157 461 1242; x_wconf 91' lang='lat' dir='ltr'>IX,</span> <span class='ocrx_word' id='word_1_44' title='bbox 485 1162 539 1243; x_wconf 78' lang='lat'>49,</span> <span class='ocrx_word' id='word_1_45' title='bbox 565 1162 596 1244; x_wconf 81' lang='lat'>7,</span> <span class='ocrx_word' id='word_1_46' title='bbox 621 1160 681 1227; x_wconf 93' lang='lat' dir='ltr'>ubi</span> <span class='ocrx_word' id='word_1_47' title='bbox 704 1161 787 1227; x_wconf 89' lang='lat' dir='ltr'>dicit</span> <span class='ocrx_word' id='word_1_48' title='bbox 809 1162 851 1227; x_wconf 93' lang='lat' dir='ltr'>de</span> <span class='ocrx_word' id='word_1_49' title='bbox 875 1167 954 1246; x_wconf 83' lang='lat' dir='ltr'>toga</span> <span class='ocrx_word' id='word_1_50' title='bbox 978 1183 997 1227; x_wconf 87' lang='lat' dir='ltr'>a</span> <span class='ocrx_word' id='word_1_51' title='bbox 1023 1162 1208 1229; x_wconf 80' lang='lat' dir='ltr'>Parthenio</span> <span class='ocrx_word' id='word_1_52' title='bbox 1221 1162 1286 1229; x_wconf 85' lang='lat' dir='ltr'>sibi</span> <span class='ocrx_word' id='word_1_53' title='bbox 1299 1163 1446 1229; x_wconf 87' lang='lat' dir='ltr'>donata:</span> 
     </span>
     <span class='ocr_line' id='line_1_7' title="bbox 282 1273 1447 1362; baseline 0.002 -22"><span class='ocrx_word' id='word_1_54' title='bbox 282 1273 402 1355; x_wconf 83' lang='lat' dir='ltr'>„Nune</span> <span class='ocrx_word' id='word_1_55' title='bbox 436 1296 523 1340; x_wconf 84' lang='lat' dir='ltr'>onus</span> <span class='ocrx_word' id='word_1_56' title='bbox 557 1280 591 1341; x_wconf 86' lang='lat' dir='ltr'>et</span> <span class='ocrx_word' id='word_1_57' title='bbox 615 1273 762 1341; x_wconf 89' lang='lat' dir='ltr'>tremulo</span> <span class='ocrx_word' id='word_1_58' title='bbox 790 1274 851 1341; x_wconf 82' lang='lat' dir='ltr'>vix</span> <span class='ocrx_word' id='word_1_59' title='bbox 875 1275 1074 1362; x_wconf 84' lang='lat' dir='ltr'>accipienda</span> <span class='ocrx_word' id='word_1_60' title='bbox 1093 1275 1232 1342; x_wconf 89' lang='lat' dir='ltr'>tribuli&#39;&#39;</span> <span class='ocrx_word' id='word_1_61' title='bbox 1258 1313 1301 1324; x_wconf 94' lang='lat'><em>-</em></span> <span class='ocrx_word' id='word_1_62' title='bbox 1325 1277 1378 1357; x_wconf 85' lang='lat'>57,</span> <span class='ocrx_word' id='word_1_63' title='bbox 1403 1277 1447 1342; x_wconf 87' lang='lat'>8:</span> 
     </span>
     <span class='ocr_line' id='line_1_8' title="bbox 281 1387 1449 1474; baseline 0 -20"><span class='ocrx_word' id='word_1_64' title='bbox 281 1387 372 1467; x_wconf 87' lang='lat' dir='ltr'>„Nee</span> <span class='ocrx_word' id='word_1_65' title='bbox 406 1387 538 1474; x_wconf 84' lang='lat' dir='ltr'>pallens</span> <span class='ocrx_word' id='word_1_66' title='bbox 558 1394 638 1474; x_wconf 86' lang='lat' dir='ltr'>tege</span> <span class='ocrx_word' id='word_1_67' title='bbox 662 1389 788 1454; x_wconf 90' lang='lat' dir='ltr'>mortui</span> <span class='ocrx_word' id='word_1_68' title='bbox 812 1387 978 1454; x_wconf 88' lang='lat' dir='ltr'>tribulis.&#39;&#39;</span> <span class='ocrx_word' id='word_1_69' title='bbox 1006 1387 1032 1474; x_wconf 75' lang='lat'>²)</span> <span class='ocrx_word' id='word_1_70' title='bbox 1078 1389 1178 1467; x_wconf 77' lang='lat' dir='ltr'>Quod</span> <span class='ocrx_word' id='word_1_71' title='bbox 1205 1389 1247 1454; x_wconf 84' lang='lat' dir='ltr'>ad</span> <span class='ocrx_word' id='word_1_72' title='bbox 1272 1389 1377 1454; x_wconf 88' lang='lat' dir='ltr'>Plinii</span> <span class='ocrx_word' id='word_1_73' title='bbox 1402 1387 1449 1454; x_wconf 90' lang='lat' dir='ltr'>lo·</span> 
     </span>
     <span class='ocr_line' id='line_1_9' title="bbox 278 1499 1450 1588; baseline 0.003 -23"><span class='ocrx_word' id='word_1_74' title='bbox 278 1521 369 1581; x_wconf 91' lang='lat' dir='ltr'>cum,</span> <span class='ocrx_word' id='word_1_75' title='bbox 404 1499 592 1586; x_wconf 85' lang='lat' dir='ltr'>neglegunt</span> <span class='ocrx_word' id='word_1_76' title='bbox 625 1501 690 1568; x_wconf 87' lang='lat' dir='ltr'>viri</span> <span class='ocrx_word' id='word_1_77' title='bbox 724 1501 815 1567; x_wconf 90' lang='lat' dir='ltr'>docti</span> <span class='ocrx_word' id='word_1_78' title='bbox 848 1501 1030 1567; x_wconf 80' lang='lat' dir='ltr'>discrimen</span> <span class='ocrx_word' id='word_1_79' title='bbox 1052 1501 1142 1567; x_wconf 88' lang='lat' dir='ltr'>inter</span> <span class='ocrx_word' id='word_1_80' title='bbox 1158 1523 1283 1588; x_wconf 80' lang='lat' dir='ltr'>pauper</span> <span class='ocrx_word' id='word_1_81' title='bbox 1304 1507 1338 1567; x_wconf 90' lang='lat' dir='ltr'>et</span> <span class='ocrx_word' id='word_1_82' title='bbox 1360 1523 1450 1587; x_wconf 60' lang='lat' dir='ltr'>meaa</span> 
     </span>
     <span class='ocr_line' id='line_1_10' title="bbox 279 1609 1448 1702; baseline -0.002 -21"><span class='ocrx_word' id='word_1_83' title='bbox 279 1609 447 1681; x_wconf 85' lang='lat' dir='ltr'>vocabule</span> <span class='ocrx_word' id='word_1_84' title='bbox 480 1613 535 1699; x_wconf 88' lang='lat' dir='ltr'>(de</span> <span class='ocrx_word' id='word_1_85' title='bbox 571 1635 638 1701; x_wconf 91' lang='lat' dir='ltr'>quo</span> <span class='ocrx_word' id='word_1_86' title='bbox 677 1615 755 1682; x_wconf 91' lang='lat' dir='ltr'>vide</span> <span class='ocrx_word' id='word_1_87' title='bbox 789 1615 1051 1702; x_wconf 84' lang='lat' dir='ltr'>Appendioem).</span> <span class='ocrx_word' id='word_1_88' title='bbox 1098 1615 1219 1692; x_wconf 83' lang='lat' dir='ltr'>(lausa,</span> <span class='ocrx_word' id='word_1_89' title='bbox 1244 1615 1310 1682; x_wconf 90' lang='lat' dir='ltr'>nisi</span> <span class='ocrx_word' id='word_1_90' title='bbox 1339 1613 1448 1696; x_wconf 83' lang='lat' dir='ltr'>fallor,</span> 
     </span>
     <span class='ocr_line' id='line_1_11' title="bbox 279 1727 1450 1815; baseline 0.001 -23"><span class='ocrx_word' id='word_1_91' title='bbox 279 1727 465 1814; x_wconf 85' lang='lat' dir='ltr'>repetenda</span> <span class='ocrx_word' id='word_1_92' title='bbox 500 1749 518 1793; x_wconf 89' lang='lat' dir='ltr'>e</span> <span class='ocrx_word' id='word_1_93' title='bbox 552 1749 712 1815; x_wconf 85' lang='lat' dir='ltr'>perverse</span> <span class='ocrx_word' id='word_1_94' title='bbox 738 1728 1017 1815; x_wconf 79' lang='lat' dir='ltr'>interpretatione</span> <span class='ocrx_word' id='word_1_95' title='bbox 1041 1729 1145 1794; x_wconf 88' lang='lat' dir='ltr'>totius</span> <span class='ocrx_word' id='word_1_96' title='bbox 1170 1727 1247 1810; x_wconf 89' lang='lat' dir='ltr'>loci,</span> <span class='ocrx_word' id='word_1_97' title='bbox 1273 1749 1377 1815; x_wconf 89' lang='lat' dir='ltr'>quem</span> <span class='ocrx_word' id='word_1_98' title='bbox 1401 1728 1450 1794; x_wconf 87' lang='lat' dir='ltr'>ita</span> 
     </span>
     <span class='ocr_line' id='line_1_12' title="bbox 279 1837 1449 1928; baseline 0 -22"><span class='ocrx_word' id='word_1_99' title='bbox 279 1837 493 1926; x_wconf 83' lang='lat' dir='ltr'>intellegunt,</span> <span class='ocrx_word' id='word_1_100' title='bbox 540 1842 637 1928; x_wconf 85' lang='lat' dir='ltr'>quasi</span> <span class='ocrx_word' id='word_1_101' title='bbox 674 1842 854 1927; x_wconf 86' lang='lat' dir='ltr'>egentibus</span> <span class='ocrx_word' id='word_1_102' title='bbox 886 1842 1052 1908; x_wconf 84' lang='lat' dir='ltr'>Romanis</span> <span class='ocrx_word' id='word_1_103' title='bbox 1086 1841 1141 1909; x_wconf 87' lang='lat' dir='ltr'>vel</span> <span class='ocrx_word' id='word_1_104' title='bbox 1176 1863 1280 1928; x_wconf 87' lang='lat' dir='ltr'>poma</span> <span class='ocrx_word' id='word_1_105' title='bbox 1313 1840 1449 1908; x_wconf 85' lang='lat' dir='ltr'>olereve</span> 
     </span>
     <span class='ocr_line' id='line_1_13' title="bbox 281 1953 1449 2042; baseline 0.001 -23"><span class='ocrx_word' id='word_1_106' title='bbox 281 1954 448 2040; x_wconf 84' lang='lat' dir='ltr'>denegate</span> <span class='ocrx_word' id='word_1_107' title='bbox 482 1955 619 2022; x_wconf 87' lang='lat' dir='ltr'>fuerint.</span> <span class='ocrx_word' id='word_1_108' title='bbox 666 1955 777 2042; x_wconf 84' lang='lat' dir='ltr'>Supra</span> <span class='ocrx_word' id='word_1_109' title='bbox 812 1953 838 2042; x_wconf 79' lang='lat'>⁸)</span> <span class='ocrx_word' id='word_1_110' title='bbox 861 1955 932 2021; x_wconf 86' lang='lat' dir='ltr'>iam</span> <span class='ocrx_word' id='word_1_111' title='bbox 955 1955 1153 2021; x_wconf 89' lang='lat' dir='ltr'>monuimus</span> <span class='ocrx_word' id='word_1_112' title='bbox 1175 1955 1239 2021; x_wconf 92' lang='lat' dir='ltr'>hoc</span> <span class='ocrx_word' id='word_1_113' title='bbox 1263 1954 1337 2021; x_wconf 89' lang='lat' dir='ltr'>loco</span> <span class='ocrx_word' id='word_1_114' title='bbox 1361 1955 1449 2022; x_wconf 90' lang='lat' dir='ltr'>vitu-</span> 
     </span>
     <span class='ocr_line' id='line_1_14' title="bbox 280 2065 1449 2156; baseline 0 -22"><span class='ocrx_word' id='word_1_115' title='bbox 280 2065 393 2155; x_wconf 84' lang='lat' dir='ltr'>perari</span> <span class='ocrx_word' id='word_1_116' title='bbox 425 2068 650 2156; x_wconf 84' lang='lat' dir='ltr'>locupletium</span> <span class='ocrx_word' id='word_1_117' title='bbox 683 2069 868 2150; x_wconf 89' lang='lat' dir='ltr'>luxuriam,</span> <span class='ocrx_word' id='word_1_118' title='bbox 904 2069 964 2156; x_wconf 88' lang='lat' dir='ltr'>qui</span> <span class='ocrx_word' id='word_1_119' title='bbox 995 2068 1049 2136; x_wconf 88' lang='lat' dir='ltr'>vel</span> <span class='ocrx_word' id='word_1_120' title='bbox 1082 2069 1120 2133; x_wconf 92' lang='lat' dir='ltr'>in</span> <span class='ocrx_word' id='word_1_121' title='bbox 1143 2068 1337 2135; x_wconf 79' lang='lat' dir='ltr'>cottidianis</span> <span class='ocrx_word' id='word_1_122' title='bbox 1365 2067 1449 2134; x_wconf 76' lang='lat' dir='ltr'>cibIs</span> 
     </span>
     <span class='ocr_line' id='line_1_15' title="bbox 280 2181 1449 2268; baseline -0.002 -20"><span class='ocrx_word' id='word_1_123' title='bbox 280 2182 579 2267; x_wconf 86' lang='lat' dir='ltr'>generosissimum</span> <span class='ocrx_word' id='word_1_124' title='bbox 613 2204 652 2249; x_wconf 86' lang='lat' dir='ltr'>uc</span> <span class='ocrx_word' id='word_1_125' title='bbox 686 2183 898 2248; x_wconf 86' lang='lat' dir='ltr'>rarissimum</span> <span class='ocrx_word' id='word_1_126' title='bbox 933 2181 1084 2268; x_wconf 87' lang='lat' dir='ltr'>quidque</span> <span class='ocrx_word' id='word_1_127' title='bbox 1119 2188 1305 2268; x_wconf 83' lang='lat' dir='ltr'>captarent.</span> <span class='ocrx_word' id='word_1_128' title='bbox 1352 2181 1449 2247; x_wconf 86' lang='lat' dir='ltr'>Talia</span> 
     </span>
     <span class='ocr_line' id='line_1_16' title="bbox 281 2295 1449 2384; baseline -0.001 -23"><span class='ocrx_word' id='word_1_129' title='bbox 281 2296 452 2362; x_wconf 82' lang='lat' dir='ltr'>tenuiores</span> <span class='ocrx_word' id='word_1_130' title='bbox 475 2317 594 2384; x_wconf 85' lang='lat' dir='ltr'>perere</span> <span class='ocrx_word' id='word_1_131' title='bbox 617 2317 687 2362; x_wconf 90' lang='lat' dir='ltr'>non</span> <span class='ocrx_word' id='word_1_132' title='bbox 711 2296 859 2383; x_wconf 90' lang='lat' dir='ltr'>potuisse</span> <span class='ocrx_word' id='word_1_133' title='bbox 882 2317 942 2382; x_wconf 90' lang='lat' dir='ltr'>per</span> <span class='ocrx_word' id='word_1_134' title='bbox 958 2317 992 2362; x_wconf 89' lang='lat' dir='ltr'>se</span> <span class='ocrx_word' id='word_1_135' title='bbox 1004 2295 1224 2380; x_wconf 84' lang='lat' dir='ltr'>intellegitur.</span> <span class='ocrx_word' id='word_1_136' title='bbox 1249 2295 1449 2361; x_wconf 80' lang='lat' dir='ltr'>Generatim</span> 
     </span>
     <span class='ocr_line' id='line_1_17' title="bbox 281 2405 1448 2496; baseline -0.001 -22"><span class='ocrx_word' id='word_1_137' title='bbox 281 2414 397 2475; x_wconf 88' lang='lat' dir='ltr'>autem</span> <span class='ocrx_word' id='word_1_138' title='bbox 420 2409 462 2475; x_wconf 92' lang='lat' dir='ltr'>de</span> <span class='ocrx_word' id='word_1_139' title='bbox 486 2409 698 2476; x_wconf 86' lang='lat' dir='ltr'>tenuioribus</span> <span class='ocrx_word' id='word_1_140' title='bbox 721 2411 791 2477; x_wconf 85' lang='lat' dir='ltr'>sive</span> <span class='ocrx_word' id='word_1_141' title='bbox 814 2410 856 2476; x_wconf 93' lang='lat' dir='ltr'>de</span> <span class='ocrx_word' id='word_1_142' title='bbox 880 2409 976 2475; x_wconf 91' lang='lat' dir='ltr'>omni</span> <span class='ocrx_word' id='word_1_143' title='bbox 1000 2407 1098 2496; x_wconf 89' lang='lat' dir='ltr'>plebe</span> <span class='ocrx_word' id='word_1_144' title='bbox 1122 2405 1285 2474; x_wconf 85' lang='lat' dir='ltr'>Romane·</span> <span class='ocrx_word' id='word_1_145' title='bbox 1305 2409 1361 2475; x_wconf 91' lang='lat' dir='ltr'>hic</span> <span class='ocrx_word' id='word_1_146' title='bbox 1381 2409 1448 2494; x_wconf 82' lang='lat' dir='ltr'>egi,</span> 
     </span>
     <span class='ocr_line' id='line_1_18' title="bbox 281 2521 1448 2610; baseline 0.001 -23"><span class='ocrx_word' id='word_1_147' title='bbox 281 2544 351 2588; x_wconf 91' lang='lat' dir='ltr'>non</span> <span class='ocrx_word' id='word_1_148' title='bbox 375 2544 455 2590; x_wconf 80' lang='lat' dir='ltr'>vero</span> <span class='ocrx_word' id='word_1_149' title='bbox 479 2523 520 2590; x_wconf 89' lang='lat' dir='ltr'>de</span> <span class='ocrx_word' id='word_1_150' title='bbox 544 2523 623 2590; x_wconf 89' lang='lat' dir='ltr'>solis</span> <span class='ocrx_word' id='word_1_151' title='bbox 646 2523 834 2609; x_wconf 74' lang='lat' dir='ltr'>egentibus</span> <span class='ocrx_word' id='word_1_152' title='bbox 860 2545 903 2589; x_wconf 88' lang='lat' dir='ltr'>ex</span> <span class='ocrx_word' id='word_1_153' title='bbox 926 2523 999 2610; x_wconf 88' lang='lat' dir='ltr'>ipso</span> <span class='ocrx_word' id='word_1_154' title='bbox 1025 2544 1160 2610; x_wconf 90' lang='lat' dir='ltr'>quoque</span> <span class='ocrx_word' id='word_1_155' title='bbox 1174 2527 1338 2589; x_wconf 88' lang='lat' dir='ltr'>contextu</span> <span class='ocrx_word' id='word_1_156' title='bbox 1350 2521 1448 2588; x_wconf 83' lang='lat' dir='ltr'>facile</span> 
     </span>
     <span class='ocr_line' id='line_1_19' title="bbox 281 2635 1449 2724; baseline 0 -22"><span class='ocrx_word' id='word_1_157' title='bbox 281 2643 432 2724; x_wconf 85' lang='lat' dir='ltr'>apparet.</span> <span class='ocrx_word' id='word_1_158' title='bbox 478 2637 547 2716; x_wconf 72' lang='lat' dir='ltr'>Qui</span> <span class='ocrx_word' id='word_1_159' title='bbox 570 2637 663 2702; x_wconf 91' lang='lat' dir='ltr'>enim</span> <span class='ocrx_word' id='word_1_160' title='bbox 687 2636 788 2703; x_wconf 91' lang='lat' dir='ltr'>modo</span> <span class='ocrx_word' id='word_1_161' title='bbox 806 2659 961 2724; x_wconf 76' lang='lat' dir='ltr'>pauperes</span> <span class='ocrx_word' id='word_1_162' title='bbox 982 2636 1210 2723; x_wconf 80' lang='lat' dir='ltr'>appellantur,</span> <span class='ocrx_word' id='word_1_163' title='bbox 1223 2635 1329 2701; x_wconf 89' lang='lat' dir='ltr'>iidem</span> <span class='ocrx_word' id='word_1_164' title='bbox 1346 2635 1449 2702; x_wconf 90' lang='lat' dir='ltr'>modo</span> 
     </span>
     <span class='ocr_line' id='line_1_20' title="bbox 275 2749 1449 2838; baseline -0.002 -22"><span class='ocrx_word' id='word_1_165' title='bbox 275 2750 379 2837; x_wconf 74' lang='lat' dir='ltr'>putta</span> <span class='ocrx_word' id='word_1_166' title='bbox 400 2772 482 2818; x_wconf 86' lang='lat' dir='ltr'>voce</span> <span class='ocrx_word' id='word_1_167' title='bbox 507 2751 752 2836; x_wconf 82' lang='lat' dir='ltr'>significantur.</span> <span class='ocrx_word' id='word_1_168' title='bbox 777 2751 803 2838; x_wconf 67' lang='grc'>4)</span> <span class='ocrx_word' id='word_1_169' title='bbox 849 2751 1030 2817; x_wconf 84' lang='lat' dir='ltr'>Graviores</span> <span class='ocrx_word' id='word_1_170' title='bbox 1053 2756 1133 2816; x_wconf 86' lang='lat' dir='ltr'>sunt</span> <span class='ocrx_word' id='word_1_171' title='bbox 1155 2749 1223 2815; x_wconf 92' lang='lat' dir='ltr'>duo</span> <span class='ocrx_word' id='word_1_172' title='bbox 1247 2749 1449 2836; x_wconf 85' lang='lat' dir='ltr'>posteriores</span> 
     </span>
     <span class='ocr_line' id='line_1_21' title="bbox 279 2863 1449 2950; baseline 0 -22"><span class='ocrx_word' id='word_1_173' title='bbox 279 2863 355 2930; x_wconf 89' lang='lat' dir='ltr'>loci.</span> <span class='ocrx_word' id='word_1_174' title='bbox 390 2864 476 2930; x_wconf 91' lang='lat' dir='ltr'>Inde</span> <span class='ocrx_word' id='word_1_175' title='bbox 499 2870 593 2950; x_wconf 87' lang='lat' dir='ltr'>patet</span> <span class='ocrx_word' id='word_1_176' title='bbox 615 2886 733 2931; x_wconf 88' lang='lat' dir='ltr'>revera</span> <span class='ocrx_word' id='word_1_177' title='bbox 757 2865 904 2930; x_wconf 73' lang='lat' dir='ltr'>tribulem</span> <span class='ocrx_word' id='word_1_178' title='bbox 925 2864 1099 2930; x_wconf 89' lang='lat' dir='ltr'>interdum</span> <span class='ocrx_word' id='word_1_179' title='bbox 1122 2863 1313 2948; x_wconf 80' lang='lat' dir='ltr'>significare</span> <span class='ocrx_word' id='word_1_180' title='bbox 1333 2863 1449 2928; x_wconf 87' lang='lat' dir='ltr'>virum</span> 
     </span>
    </p>
   </div>
   <div class='ocr_carea' id='block_1_4' title="bbox 274 3017 1449 4331">
    <p class='ocr_par' dir='ltr' id='par_1_4' title="bbox 279 3017 1449 3334">
     <span class='ocr_line' id='line_1_22' title="bbox 316 3017 1449 3084; baseline -0.001 -16"><span class='ocrx_word' id='word_1_181' title='bbox 316 3018 334 3080; x_wconf 80' lang='lat'>¹)</span> <span class='ocrx_word' id='word_1_182' title='bbox 366 3019 444 3068; x_wconf 90' lang='lat' dir='ltr'>Immo</span> <span class='ocrx_word' id='word_1_183' title='bbox 462 3019 595 3068; x_wconf 83' lang='lat' dir='ltr'>Mommsen</span> <span class='ocrx_word' id='word_1_184' title='bbox 613 3019 681 3068; x_wconf 78' lang='lat' dir='ltr'>Rem.</span> <span class='ocrx_word' id='word_1_185' title='bbox 698 3018 763 3067; x_wconf 79' lang='lat' dir='ltr'>Trib.</span> <span class='ocrx_word' id='word_1_186' title='bbox 781 3035 832 3084; x_wconf 81' lang='lat' dir='ltr'>pag.</span> <span class='ocrx_word' id='word_1_187' title='bbox 852 3018 900 3067; x_wconf 82' lang='lat'>194</span> <span class='ocrx_word' id='word_1_188' title='bbox 917 3035 981 3084; x_wconf 87' lang='lat' dir='ltr'>seqq.</span> <span class='ocrx_word' id='word_1_189' title='bbox 999 3019 1065 3068; x_wconf 85' lang='lat' dir='ltr'>docet</span> <span class='ocrx_word' id='word_1_190' title='bbox 1080 3019 1142 3068; x_wconf 85' lang='lat' dir='ltr'>intra</span> <span class='ocrx_word' id='word_1_191' title='bbox 1159 3017 1235 3083; x_wconf 89' lang='lat' dir='ltr'>plebis</span> <span class='ocrx_word' id='word_1_192' title='bbox 1253 3017 1354 3066; x_wconf 89' lang='lat' dir='ltr'>urbanae</span> <span class='ocrx_word' id='word_1_193' title='bbox 1370 3019 1449 3067; x_wconf 88' lang='lat' dir='ltr'>tribus</span> 
     </span>
     <span class='ocr_line' id='line_1_23' title="bbox 280 3101 1449 3167; baseline 0 -17"><span class='ocrx_word' id='word_1_194' title='bbox 280 3102 318 3164; x_wconf 88' lang='lat' dir='ltr'>(de</span> <span class='ocrx_word' id='word_1_195' title='bbox 335 3101 423 3166; x_wconf 86' lang='lat' dir='ltr'>quibus</span> <span class='ocrx_word' id='word_1_196' title='bbox 441 3103 494 3152; x_wconf 89' lang='lat' dir='ltr'>vide</span> <span class='ocrx_word' id='word_1_197' title='bbox 511 3103 574 3151; x_wconf 83' lang='lat' dir='ltr'>inira</span> <span class='ocrx_word' id='word_1_198' title='bbox 589 3118 641 3167; x_wconf 77' lang='lat' dir='ltr'>pag.</span> <span class='ocrx_word' id='word_1_199' title='bbox 661 3102 708 3150; x_wconf 78' lang='lat'>158</span> <span class='ocrx_word' id='word_1_200' title='bbox 726 3106 783 3165; x_wconf 83' lang='lat' dir='ltr'>seq.)</span> <span class='ocrx_word' id='word_1_201' title='bbox 800 3102 874 3150; x_wconf 84' lang='lat' dir='ltr'>luisse</span> <span class='ocrx_word' id='word_1_202' title='bbox 885 3103 998 3166; x_wconf 85' lang='lat' dir='ltr'>quaedam</span> <span class='ocrx_word' id='word_1_203' title='bbox 1009 3118 1104 3166; x_wconf 82' lang='lat' dir='ltr'>corpora</span> <span class='ocrx_word' id='word_1_204' title='bbox 1113 3101 1234 3165; x_wconf 82' lang='lat' dir='ltr'>egentium</span> <span class='ocrx_word' id='word_1_205' title='bbox 1245 3116 1304 3164; x_wconf 88' lang='lat' dir='ltr'>quae</span> <span class='ocrx_word' id='word_1_206' title='bbox 1313 3105 1337 3149; x_wconf 91' lang='lat' dir='ltr'>et</span> <span class='ocrx_word' id='word_1_207' title='bbox 1345 3101 1396 3165; x_wconf 88' lang='lat' dir='ltr'>ipsa</span> <span class='ocrx_word' id='word_1_208' title='bbox 1405 3102 1449 3150; x_wconf 88' lang='lat' dir='ltr'>tri·</span> 
     </span>
     <span class='ocr_line' id='line_1_24' title="bbox 279 3183 1448 3251; baseline -0.001 -18"><span class='ocrx_word' id='word_1_209' title='bbox 279 3184 354 3234; x_wconf 92' lang='lat' dir='ltr'>huum</span> <span class='ocrx_word' id='word_1_210' title='bbox 382 3187 479 3235; x_wconf 88' lang='lat' dir='ltr'>nomine</span> <span class='ocrx_word' id='word_1_211' title='bbox 503 3185 678 3251; x_wconf 74' lang='lat' dir='ltr'>appellarentur</span> <span class='ocrx_word' id='word_1_212' title='bbox 703 3201 790 3250; x_wconf 89' lang='lat' dir='ltr'>perque</span> <span class='ocrx_word' id='word_1_213' title='bbox 815 3185 856 3234; x_wconf 85' lang='lat' dir='ltr'>has</span> <span class='ocrx_word' id='word_1_214' title='bbox 882 3186 1027 3234; x_wconf 77' lang='lat' dir='ltr'>frumentum</span> <span class='ocrx_word' id='word_1_215' title='bbox 1053 3184 1178 3250; x_wconf 88' lang='lat' dir='ltr'>publicum</span> <span class='ocrx_word' id='word_1_216' title='bbox 1194 3183 1268 3232; x_wconf 81' lang='lat' dir='ltr'>fuisse</span> <span class='ocrx_word' id='word_1_217' title='bbox 1285 3183 1448 3233; x_wconf 85' lang='lat' dir='ltr'>distributum.</span> 
     </span>
     <span class='ocr_line' id='line_1_25' title="bbox 279 3267 1180 3334; baseline -0.002 -16"><span class='ocrx_word' id='word_1_218' title='bbox 279 3269 343 3318; x_wconf 84' lang='lat' dir='ltr'>Haec</span> <span class='ocrx_word' id='word_1_219' title='bbox 362 3270 409 3318; x_wconf 86' lang='lat' dir='ltr'>iam</span> <span class='ocrx_word' id='word_1_220' title='bbox 428 3273 493 3318; x_wconf 82' lang='lat' dir='ltr'>vetus</span> <span class='ocrx_word' id='word_1_221' title='bbox 510 3275 545 3318; x_wconf 86' lang='lat' dir='ltr'>est</span> <span class='ocrx_word' id='word_1_222' title='bbox 561 3270 649 3334; x_wconf 88' lang='lat' dir='ltr'>opinio.</span> <span class='ocrx_word' id='word_1_223' title='bbox 684 3269 720 3318; x_wconf 85' lang='lat' dir='ltr'>cf.</span> <span class='ocrx_word' id='word_1_224' title='bbox 739 3286 759 3318; x_wconf 89' lang='lat' dir='ltr'>e.</span> <span class='ocrx_word' id='word_1_225' title='bbox 776 3286 799 3333; x_wconf 84' lang='lat' dir='ltr'>g.</span> <span class='ocrx_word' id='word_1_226' title='bbox 819 3269 898 3317; x_wconf 79' lang='lat' dir='ltr'>Duker</span> <span class='ocrx_word' id='word_1_227' title='bbox 914 3269 943 3316; x_wconf 87' lang='lat' dir='ltr'>ad</span> <span class='ocrx_word' id='word_1_228' title='bbox 965 3268 1030 3318; x_wconf 79' lang='lat' dir='ltr'>Flori</span> <span class='ocrx_word' id='word_1_229' title='bbox 1048 3268 1081 3326; x_wconf 94' lang='grc' dir='ltr'>ΙΙ,</span> <span class='ocrx_word' id='word_1_230' title='bbox 1099 3269 1122 3327; x_wconf 83' lang='grc'>6,</span> <span class='ocrx_word' id='word_1_231' title='bbox 1141 3267 1180 3317; x_wconf 76' lang='lat'>25.</span> 
     </span>
    </p>

    <p class='ocr_par' dir='ltr' id='par_1_5' title="bbox 277 3350 1448 3750">
     <span class='ocr_line' id='line_1_26' title="bbox 312 3350 1448 3415; baseline 0 -15"><span class='ocrx_word' id='word_1_232' title='bbox 312 3351 332 3412; x_wconf 81' lang='lat'>²)</span> <span class='ocrx_word' id='word_1_233' title='bbox 365 3352 487 3401; x_wconf 89' lang='lat' dir='ltr'>Nimirum</span> <span class='ocrx_word' id='word_1_234' title='bbox 504 3353 632 3401; x_wconf 87' lang='lat' dir='ltr'>omittenda</span> <span class='ocrx_word' id='word_1_235' title='bbox 649 3355 706 3400; x_wconf 87' lang='lat' dir='ltr'>sunt</span> <span class='ocrx_word' id='word_1_236' title='bbox 722 3353 778 3400; x_wconf 85' lang='lat' dir='ltr'>sut.</span> <span class='ocrx_word' id='word_1_237' title='bbox 797 3351 857 3400; x_wconf 87' lang='lat' dir='ltr'>Silv.</span> <span class='ocrx_word' id='word_1_238' title='bbox 875 3351 920 3408; x_wconf 92' lang='lat' dir='ltr'>III,</span> <span class='ocrx_word' id='word_1_239' title='bbox 939 3351 962 3410; x_wconf 88' lang='lat'>3,</span> <span class='ocrx_word' id='word_1_240' title='bbox 980 3352 1011 3400; x_wconf 76' lang='lat'>98</span> <span class='ocrx_word' id='word_1_241' title='bbox 1029 3367 1092 3415; x_wconf 87' lang='lat' dir='ltr'>seqq.</span> <span class='ocrx_word' id='word_1_242' title='bbox 1110 3351 1162 3413; x_wconf 76' lang='lat' dir='ltr'>(Ed.</span> <span class='ocrx_word' id='word_1_243' title='bbox 1181 3350 1275 3411; x_wconf 85' lang='lat' dir='ltr'>Klota):</span> <span class='ocrx_word' id='word_1_244' title='bbox 1295 3350 1448 3415; x_wconf 80' lang='lat' dir='ltr'>„Vigilidem</span> 
     </span>
     <span class='ocr_line' id='line_1_27' title="bbox 278 3433 1448 3498; baseline 0 -16"><span class='ocrx_word' id='word_1_245' title='bbox 278 3434 400 3498; x_wconf 84' lang='lat' dir='ltr'>animique</span> <span class='ocrx_word' id='word_1_246' title='bbox 426 3435 514 3498; x_wconf 77' lang='lat' dir='ltr'>sagacis</span> <span class='ocrx_word' id='word_1_247' title='bbox 530 3435 561 3483; x_wconf 78' lang='lat' dir='ltr'>ut</span> <span class='ocrx_word' id='word_1_248' title='bbox 578 3435 639 3483; x_wconf 89' lang='lat' dir='ltr'>citus</span> <span class='ocrx_word' id='word_1_249' title='bbox 656 3433 746 3482; x_wconf 86' lang='lat' dir='ltr'>evolvit</span> <span class='ocrx_word' id='word_1_250' title='bbox 761 3438 876 3498; x_wconf 83' lang='lat' dir='ltr'>quantum</span> <span class='ocrx_word' id='word_1_251' title='bbox 895 3435 1000 3483; x_wconf 84' lang='lat' dir='ltr'>Romanu</span> <span class='ocrx_word' id='word_1_252' title='bbox 1017 3434 1060 3482; x_wconf 90' lang='lat' dir='ltr'>sub</span> <span class='ocrx_word' id='word_1_253' title='bbox 1078 3434 1143 3482; x_wconf 86' lang='lat' dir='ltr'>omni</span> <span class='ocrx_word' id='word_1_254' title='bbox 1160 3433 1214 3482; x_wconf 85' lang='lat' dir='ltr'>Pila</span> <span class='ocrx_word' id='word_1_255' title='bbox 1231 3433 1269 3482; x_wconf 92' lang='lat' dir='ltr'>die</span> <span class='ocrx_word' id='word_1_256' title='bbox 1286 3437 1448 3498; x_wconf 87' lang='lat' dir='ltr'>quantumque</span> 
     </span>
     <span class='ocr_line' id='line_1_28' title="bbox 277 3516 1447 3582; baseline 0 -16"><span class='ocrx_word' id='word_1_257' title='bbox 277 3517 363 3574; x_wconf 87' lang='lat' dir='ltr'>tribus,</span> <span class='ocrx_word' id='word_1_258' title='bbox 381 3518 439 3581; x_wconf 88' lang='lat' dir='ltr'>quid</span> <span class='ocrx_word' id='word_1_259' title='bbox 455 3517 544 3582; x_wconf 84' lang='lat' dir='ltr'>temple</span> <span class='ocrx_word' id='word_1_260' title='bbox 560 3553 739 3566; x_wconf 86' lang='grc'><strong>........</strong></span> <span class='ocrx_word' id='word_1_261' title='bbox 757 3517 876 3582; x_wconf 81' lang='lat' dir='ltr'>poscant.&#39;¹</span> <span class='ocrx_word' id='word_1_262' title='bbox 901 3545 932 3554; x_wconf 92' lang='lat'><em>-</em></span> <span class='ocrx_word' id='word_1_263' title='bbox 950 3521 973 3566; x_wconf 88' lang='lat' dir='ltr'>et</span> <span class='ocrx_word' id='word_1_264' title='bbox 990 3517 1060 3566; x_wconf 77' lang='lat' dir='ltr'>Mart.</span> <span class='ocrx_word' id='word_1_265' title='bbox 1079 3517 1145 3572; x_wconf 85' lang='lat' dir='ltr'>VIII,</span> <span class='ocrx_word' id='word_1_266' title='bbox 1165 3517 1245 3576; x_wconf 78' lang='lat'>15,4:</span> <span class='ocrx_word' id='word_1_267' title='bbox 1265 3516 1447 3582; x_wconf 65' lang='lat' dir='ltr'>„Datpopulns</span> 
     </span>
     <span class='ocr_line' id='line_1_29' title="bbox 277 3599 1447 3666; baseline -0.001 -16"><span class='ocrx_word' id='word_1_268' title='bbox 277 3601 317 3650; x_wconf 86' lang='lat' dir='ltr'>dat</span> <span class='ocrx_word' id='word_1_269' title='bbox 341 3605 421 3666; x_wconf 82' lang='lat' dir='ltr'>gratus</span> <span class='ocrx_word' id='word_1_270' title='bbox 446 3617 524 3666; x_wconf 80' lang='lat' dir='ltr'>eques,</span> <span class='ocrx_word' id='word_1_271' title='bbox 542 3602 582 3650; x_wconf 89' lang='lat' dir='ltr'>dat</span> <span class='ocrx_word' id='word_1_272' title='bbox 598 3611 651 3649; x_wconf 84' lang='lat' dir='ltr'>tura</span> <span class='ocrx_word' id='word_1_273' title='bbox 668 3605 768 3660; x_wconf 86' lang='lat' dir='ltr'>senatus,</span> <span class='ocrx_word' id='word_1_274' title='bbox 786 3601 817 3650; x_wconf 76' lang='lat' dir='ltr'>ut</span> <span class='ocrx_word' id='word_1_275' title='bbox 834 3601 910 3650; x_wconf 81' lang='lat' dir='ltr'>ditant</span> <span class='ocrx_word' id='word_1_276' title='bbox 927 3601 1005 3650; x_wconf 86' lang='lat' dir='ltr'>Latias</span> <span class='ocrx_word' id='word_1_277' title='bbox 1021 3601 1090 3649; x_wconf 86' lang='lat' dir='ltr'>tertia</span> <span class='ocrx_word' id='word_1_278' title='bbox 1107 3601 1167 3649; x_wconf 89' lang='lat' dir='ltr'>dona</span> <span class='ocrx_word' id='word_1_279' title='bbox 1184 3599 1286 3648; x_wconf 86' lang='lat' dir='ltr'>tribus.”</span> <span class='ocrx_word' id='word_1_280' title='bbox 1321 3599 1387 3663; x_wconf 75' lang='lat' dir='ltr'>Quae</span> <span class='ocrx_word' id='word_1_281' title='bbox 1404 3601 1447 3664; x_wconf 92' lang='lat' dir='ltr'>qui</span> 
     </span>
     <span class='ocr_line' id='line_1_30' title="bbox 280 3682 1029 3750; baseline 0 -18"><span class='ocrx_word' id='word_1_282' title='bbox 280 3682 377 3734; x_wconf 86' lang='lat' dir='ltr'>laudant</span> <span class='ocrx_word' id='word_1_283' title='bbox 391 3685 545 3750; x_wconf 80' lang='lat' dir='ltr'>„petitionem</span> <span class='ocrx_word' id='word_1_284' title='bbox 562 3683 691 3749; x_wconf 87' lang='lat' dir='ltr'>principii’&#39;</span> <span class='ocrx_word' id='word_1_285' title='bbox 708 3687 746 3746; x_wconf 84' lang='lat' dir='ltr'>(ut</span> <span class='ocrx_word' id='word_1_286' title='bbox 762 3684 852 3744; x_wconf 81' lang='lat' dir='ltr'>dicunt)</span> <span class='ocrx_word' id='word_1_287' title='bbox 870 3684 1029 3733; x_wconf 83' lang='lat' dir='ltr'>committunt.</span> 
     </span>
    </p>

    <p class='ocr_par' dir='ltr' id='par_1_6' title="bbox 310 3768 530 3834">
     <span class='ocr_line' id='line_1_31' title="bbox 310 3768 530 3834; baseline 0.005 -18"><span class='ocrx_word' id='word_1_288' title='bbox 310 3768 330 3829; x_wconf 81' lang='lat'>⁸)</span> <span class='ocrx_word' id='word_1_289' title='bbox 363 3785 415 3834; x_wconf 76' lang='lat' dir='ltr'>pag.</span> <span class='ocrx_word' id='word_1_290' title='bbox 434 3770 465 3818; x_wconf 79' lang='lat'>59</span> <span class='ocrx_word' id='word_1_291' title='bbox 483 3785 530 3833; x_wconf 86' lang='lat' dir='ltr'>seq.</span> 
     </span>
    </p>

    <p class='ocr_par' dir='ltr' id='par_1_7' title="bbox 274 3850 1446 4331">
     <span class='ocr_line' id='line_1_32' title="bbox 311 3850 1446 3916; baseline -0.001 -16"><span class='ocrx_word' id='word_1_292' title='bbox 311 3853 330 3912; x_wconf 88' lang='lat'>⁴)</span> <span class='ocrx_word' id='word_1_293' title='bbox 364 3852 438 3900; x_wconf 87' lang='lat' dir='ltr'>Paulo</span> <span class='ocrx_word' id='word_1_294' title='bbox 464 3855 519 3901; x_wconf 86' lang='lat' dir='ltr'>ante</span> <span class='ocrx_word' id='word_1_295' title='bbox 546 3852 633 3916; x_wconf 81' lang='lat' dir='ltr'>legitur</span> <span class='ocrx_word' id='word_1_296' title='bbox 658 3855 677 3914; x_wconf 68' lang='lat' dir='ltr'>(l</span> <span class='ocrx_word' id='word_1_297' title='bbox 702 3852 740 3910; x_wconf 80' lang='lat'>51,</span> <span class='ocrx_word' id='word_1_298' title='bbox 759 3851 815 3912; x_wconf 78' lang='lat'>52):</span> <span class='ocrx_word' id='word_1_299' title='bbox 835 3851 937 3916; x_wconf 74' lang='lat' dir='ltr'>„Romae</span> <span class='ocrx_word' id='word_1_300' title='bbox 954 3851 1050 3914; x_wconf 89' lang='lat' dir='ltr'>quidem</span> <span class='ocrx_word' id='word_1_301' title='bbox 1067 3866 1111 3916; x_wconf 90' lang='lat' dir='ltr'>per</span> <span class='ocrx_word' id='word_1_302' title='bbox 1126 3867 1150 3899; x_wconf 86' lang='lat' dir='ltr'>se</span> <span class='ocrx_word' id='word_1_303' title='bbox 1166 3854 1249 3900; x_wconf 85' lang='lat' dir='ltr'>hortus</span> <span class='ocrx_word' id='word_1_304' title='bbox 1266 3866 1320 3914; x_wconf 81' lang='lat' dir='ltr'>eger</span> <span class='ocrx_word' id='word_1_305' title='bbox 1335 3850 1446 3916; x_wconf 82' lang='lat' dir='ltr'>pauperis</span> 
     </span>
     <span class='ocr_line' id='line_1_33' title="bbox 277 3932 1445 3999; baseline 0.001 -18"><span class='ocrx_word' id='word_1_306' title='bbox 277 3937 333 3992; x_wconf 82' lang='lat' dir='ltr'>erat,</span> <span class='ocrx_word' id='word_1_307' title='bbox 358 3950 386 3982; x_wconf 88' lang='lat' dir='ltr'>ex</span> <span class='ocrx_word' id='word_1_308' title='bbox 411 3934 477 3984; x_wconf 89' lang='lat' dir='ltr'>horto</span> <span class='ocrx_word' id='word_1_309' title='bbox 503 3935 579 3999; x_wconf 91' lang='lat' dir='ltr'>plebei</span> <span class='ocrx_word' id='word_1_310' title='bbox 597 3934 731 3992; x_wconf 87' lang='lat' dir='ltr'>macellum,</span> <span class='ocrx_word' id='word_1_311' title='bbox 749 3937 836 3998; x_wconf 84' lang='lat' dir='ltr'>quanto</span> <span class='ocrx_word' id='word_1_312' title='bbox 854 3933 1013 3982; x_wconf 86' lang='lat' dir='ltr'>innocentiore</span> <span class='ocrx_word' id='word_1_313' title='bbox 1030 3934 1093 3982; x_wconf 85' lang='lat' dir='ltr'>victu</span> <span class='ocrx_word' id='word_1_314' title='bbox 1106 3933 1128 3982; x_wconf 89' lang='lat'>!&#39;&#39;</span> <span class='ocrx_word' id='word_1_315' title='bbox 1162 3934 1193 3982; x_wconf 79' lang='lat' dir='ltr'>llt</span> <span class='ocrx_word' id='word_1_316' title='bbox 1209 3932 1281 3998; x_wconf 89' lang='lat' dir='ltr'>paulo</span> <span class='ocrx_word' id='word_1_317' title='bbox 1297 3937 1351 3998; x_wconf 84' lang='lat' dir='ltr'>post</span> <span class='ocrx_word' id='word_1_318' title='bbox 1367 3936 1387 3994; x_wconf 69' lang='lat' dir='ltr'>(t</span> <span class='ocrx_word' id='word_1_319' title='bbox 1406 3934 1445 3990; x_wconf 79' lang='lat'>54,</span> 
     </span>
     <span class='ocr_line' id='line_1_34' title="bbox 280 4015 1444 4082; baseline 0.001 -19"><span class='ocrx_word' id='word_1_320' title='bbox 280 4016 336 4076; x_wconf 81' lang='lat'><strong>56):</strong></span> <span class='ocrx_word' id='word_1_321' title='bbox 364 4017 470 4080; x_wconf 79' lang='lat' dir='ltr'>„Mirum</span> <span class='ocrx_word' id='word_1_322' title='bbox 496 4021 556 4066; x_wconf 90' lang='lat' dir='ltr'>esset</span> <span class='ocrx_word' id='word_1_323' title='bbox 580 4034 629 4066; x_wconf 91' lang='lat' dir='ltr'>non</span> <span class='ocrx_word' id='word_1_324' title='bbox 655 4017 725 4066; x_wconf 88' lang='lat' dir='ltr'>licere</span> <span class='ocrx_word' id='word_1_325' title='bbox 742 4017 819 4082; x_wconf 84' lang='lat' dir='ltr'>pecori</span> <span class='ocrx_word' id='word_1_326' title='bbox 836 4017 929 4065; x_wconf 89' lang='lat' dir='ltr'>carduis</span> <span class='ocrx_word' id='word_1_327' title='bbox 947 4017 1017 4074; x_wconf 89' lang='lat' dir='ltr'>vesei,</span> <span class='ocrx_word' id='word_1_328' title='bbox 1034 4033 1082 4066; x_wconf 88' lang='lat' dir='ltr'>non</span> <span class='ocrx_word' id='word_1_329' title='bbox 1100 4016 1155 4065; x_wconf 90' lang='lat' dir='ltr'>licet</span> <span class='ocrx_word' id='word_1_330' title='bbox 1172 4015 1265 4081; x_wconf 91' lang='lat' dir='ltr'>plebeil</span> <span class='ocrx_word' id='word_1_331' title='bbox 1285 4053 1444 4066; x_wconf 90' lang='grc'>.......</span> 
     </span>
     <span class='ocr_line' id='line_1_35' title="bbox 276 4098 1445 4164; baseline 0.001 -18"><span class='ocrx_word' id='word_1_332' title='bbox 276 4098 363 4162; x_wconf 86' lang='lat' dir='ltr'>itaque,</span> <span class='ocrx_word' id='word_1_333' title='bbox 389 4099 512 4159; x_wconf 76' lang='lat' dir='ltr'>Hercules,</span> <span class='ocrx_word' id='word_1_334' title='bbox 536 4100 632 4150; x_wconf 89' lang='lat' dir='ltr'>nullum</span> <span class='ocrx_word' id='word_1_335' title='bbox 660 4100 754 4150; x_wconf 76' lang='lat' dir='ltr'>macelli</span> <span class='ocrx_word' id='word_1_336' title='bbox 777 4099 876 4164; x_wconf 80' lang='lat' dir='ltr'>vectigal</span> <span class='ocrx_word' id='word_1_337' title='bbox 899 4100 976 4148; x_wconf 80' lang='lat' dir='ltr'>maius</span> <span class='ocrx_word' id='word_1_338' title='bbox 998 4100 1046 4148; x_wconf 83' lang='lat' dir='ltr'>ruit</span> <span class='ocrx_word' id='word_1_339' title='bbox 1063 4101 1149 4148; x_wconf 76' lang='lat' dir='ltr'>Romae</span> <span class='ocrx_word' id='word_1_340' title='bbox 1166 4099 1267 4148; x_wconf 88' lang='lat' dir='ltr'>elamore</span> <span class='ocrx_word' id='word_1_341' title='bbox 1283 4099 1360 4163; x_wconf 88' lang='lat' dir='ltr'>plebis</span> <span class='ocrx_word' id='word_1_342' title='bbox 1377 4099 1445 4147; x_wconf 92' lang='lat' dir='ltr'>incu-</span> 
     </span>
     <span class='ocr_line' id='line_1_36' title="bbox 276 4182 1444 4248; baseline -0.001 -17"><span class='ocrx_word' id='word_1_343' title='bbox 276 4182 350 4231; x_wconf 76' lang='lat' dir='ltr'>santis</span> <span class='ocrx_word' id='word_1_344' title='bbox 375 4183 438 4247; x_wconf 83' lang='lat' dir='ltr'>apud</span> <span class='ocrx_word' id='word_1_345' title='bbox 462 4183 541 4231; x_wconf 87' lang='lat' dir='ltr'>omnis</span> <span class='ocrx_word' id='word_1_346' title='bbox 566 4184 693 4248; x_wconf 86' lang='lat' dir='ltr'>principes,</span> <span class='ocrx_word' id='word_1_347' title='bbox 716 4184 790 4232; x_wconf 88' lang='lat' dir='ltr'>donec</span> <span class='ocrx_word' id='word_1_348' title='bbox 808 4183 934 4232; x_wconf 83' lang='lat' dir='ltr'>remissum</span> <span class='ocrx_word' id='word_1_349' title='bbox 952 4188 986 4232; x_wconf 90' lang='lat' dir='ltr'>est</span> <span class='ocrx_word' id='word_1_350' title='bbox 1002 4183 1133 4247; x_wconf 86' lang='lat' dir='ltr'>portorium</span> <span class='ocrx_word' id='word_1_351' title='bbox 1149 4183 1234 4231; x_wconf 85' lang='lat' dir='ltr'>mercis</span> <span class='ocrx_word' id='word_1_352' title='bbox 1251 4183 1331 4230; x_wconf 84' lang='lat' dir='ltr'>huius.</span> <span class='ocrx_word' id='word_1_353' title='bbox 1348 4198 1444 4246; x_wconf 86' lang='lat' dir='ltr'>conper-</span> 
     </span>
     <span class='ocr_line' id='line_1_37' title="bbox 274 4265 1444 4331; baseline -0.001 -15"><span class='ocrx_word' id='word_1_354' title='bbox 274 4273 373 4331; x_wconf 89' lang='lat' dir='ltr'>tumque</span> <span class='ocrx_word' id='word_1_355' title='bbox 401 4281 448 4315; x_wconf 88' lang='lat' dir='ltr'>uon</span> <span class='ocrx_word' id='word_1_356' title='bbox 474 4265 542 4315; x_wconf 86' lang='lat' dir='ltr'>aliter</span> <span class='ocrx_word' id='word_1_357' title='bbox 567 4267 729 4331; x_wconf 86' lang='lat' dir='ltr'>quaestuosius</span> <span class='ocrx_word' id='word_1_358' title='bbox 754 4283 850 4316; x_wconf 84' lang='lat' dir='ltr'>censum</span> <span class='ocrx_word' id='word_1_359' title='bbox 867 4266 947 4316; x_wconf 80' lang='lat' dir='ltr'>heberi</span> <span class='ocrx_word' id='word_1_360' title='bbox 964 4270 1004 4315; x_wconf 86' lang='lat' dir='ltr'>aut</span> <span class='ocrx_word' id='word_1_361' title='bbox 1020 4266 1094 4315; x_wconf 82' lang='lat' dir='ltr'>tutius</span> <span class='ocrx_word' id='word_1_362' title='bbox 1111 4283 1138 4315; x_wconf 87' lang='lat' dir='ltr'>ao</span> <span class='ocrx_word' id='word_1_363' title='bbox 1154 4266 1246 4316; x_wconf 87' lang='lat' dir='ltr'>minore</span> <span class='ocrx_word' id='word_1_364' title='bbox 1261 4267 1368 4316; x_wconf 82' lang='lat' dir='ltr'>fortunae</span> <span class='ocrx_word' id='word_1_365' title='bbox 1384 4266 1444 4324; x_wconf 84' lang='lat' dir='ltr'>iure,</span> 
     </span>
    </p>
   </div>
   <div class='ocr_carea' id='block_1_5' title="bbox 0 0 1642 4998">
    <p class='ocr_par' dir='ltr' id='par_1_8' title="bbox 0 0 1642 4998">
     <span class='ocr_line' id='line_1_38' title="bbox 0 0 1642 4998; baseline 0 0"><span class='ocrx_word' id='word_1_366' title='bbox 0 0 1642 4998; x_wconf 95' lang='lat' dir='ltr'> </span> 
     </span>
    </p>
   </div>
  </div>
 </body>
</html>
