3226 4998
850 471 892 535 52

287 646 420 734 ipsique
468 647 538 712 ruri
577 647 779 728 habitarent,
818 669 910 712 nunc
945 648 1016 712 iam
1058 668 1195 726 „omnes
1229 647 1323 713 enim
1358 649 1462 736 (sicut

286 760 333 826 Μ.
358 762 467 828 Varro
491 762 561 826 iam
583 761 793 846 temporibus
817 783 961 828 avorum
985 767 1190 847 conquestus
1213 761 1275 848 est)
1287 769 1400 848 patres
1411 764 1462 828 fa-

286 874 401 941 miliae
424 875 509 940 falce
533 881 567 940 et
590 881 701 940 aratro
725 874 850 940 relictis
874 875 964 939 intra
977 895 1119 938 murum
1130 875 1359 960 correpsimus
1375 883 1409 941 et
1420 877 1461 942 in

285 989 382 1054 circis
405 988 517 1074 potius
540 1010 579 1053 ac
603 987 745 1052 theatris
769 1009 874 1072 quam
897 988 933 1052 in
957 987 1127 1072 segetibus
1151 988 1461 1054 etvinetismanns

285 1103 495 1168 movemus’'.
511 1101 534 1188 ¹)
558 1103 608 1166 De
633 1101 769 1166 feminis
792 1101 885 1165 idem
908 1100 1119 1166 Columella:
1148 1101 1267 1180 „Nunc
1281 1123 1362 1168 vero
1376 1124 1461 1168 cum

284 1216 466 1303 pleraeque
491 1216 537 1280 sic
561 1214 647 1278 luxu
671 1220 705 1279 ct
727 1214 850 1279 inertia
867 1214 1035 1294 diffluant,
1050 1220 1088 1278 ut
1100 1236 1142 1278 ne
1155 1201 1296 1280 lanificii
1313 1216 1461 1301 quidem

283 1351 402 1395 curam
425 1329 592 1414 suscipere
617 1328 811 1412 dignentur,
835 1327 893 1392 sed
906 1327 999 1392 domi
1012 1327 1199 1413 [sedentes]
1212 1329 1382 1394 confectas
1400 1352 1460 1396 ve-

283 1449 348 1508 stes
371 1443 504 1508 fastidio
528 1441 677 1506 habeant
701 1491 841 1506 .....
865 1440 953 1504 nihil
984 1441 1113 1504 mirum
1135 1447 1194 1520 est,
1219 1441 1356 1507 easdem
1368 1444 1460 1509 ruris

282 1562 316 1621 et
337 1557 644 1621 instrumentorum
666 1555 851 1649 agrestium
874 1575 956 1618 cura
967 1554 1103 1638 gravari
1116 1554 1458 1642 sordidissimumque

282 1670 459 1754 negotium
472 1669 593 1734 ducere
607 1690 796 1754 paucorum
807 1667 941 1732 dierum
953 1674 1089 1752 tempus
1101 1667 1137 1730 in
1150 1667 1233 1732 villa
1253 1670 1413 1735 morari.''
1429 1669 1457 1756 2)

282 1783 338 1848 Ad
360 1783 588 1849 diversissima
611 1788 727 1847 autem
746 1781 934 1872 ministeria
946 1788 979 1845 ct
991 1788 1103 1866 patres
1123 1787 1157 1845 et
1170 1788 1295 1846 matres
1307 1782 1458 1848 familias

281 1897 386 1963 servis
406 1894 600 1976 utebantur,
623 1896 671 1960 ita
694 1901 731 1959 ut
754 1895 884 1960 familia
907 1892 1039 1958 urbana
1051 1894 1195 1959 rusticae
1208 1915 1279 1960 non
1299 1895 1457 1962 multum

281 2009 423 2076 cederet.
448 2007 474 2097 ⁸)
510 2009 644 2074 Festive
679 2008 831 2072 Plinius:
871 2007 1145 2092 ,Mancipiorum
1171 2007 1331 2092 legiones,
1357 2010 1454 2074 etin

281 2123 382 2190 domo
406 2122 506 2188 turba
529 2129 680 2202 externa,
705 2143 743 2186 ac
768 2143 945 2187 servorum
969 2142 1105 2206 qnoque
1128 2142 1229 2186 causa
1258 2122 1454 2188 nomencla-

280 2243 333 2302 tor
355 2235 601 2302 adhibendus.''
626 2235 652 2322 ⁴)

324 2349 470 2436 Antiqui
506 2349 685 2435 scriptores
718 2348 916 2412 Romanum
950 2346 1075 2411 luxum
1097 2368 1167 2412 uno
1191 2369 1248 2412 ore
1273 2349 1451 2415 damnant.

280 2463 359 2529 Non
393 2462 491 2528 aliter
520 2461 673 2527 Roscher
696 2460 864 2547 multique
889 2459 947 2527 alii
970 2460 1036 2526 viri
1059 2461 1149 2525 docti
1172 2461 1303 2527 Romae
1326 2461 1453 2528 luxum

282 2577 447 2663 pessimae
471 2577 572 2640 fuisse
597 2581 739 2639 naturae
763 2575 984 2654 contendunt,
1011 2574 1137 2660 quippe
1161 2575 1221 2660 qui
1234 2597 1314 2640 cum
1327 2575 1453 2641 stultus

280 2697 365 2755 esset
388 2697 464 2754 turn
486 2689 595 2775 turpis
619 2710 796 2774 moresque
822 2709 1053 2772 corrumpens.
1100 2687 1245 2753 Addunt
1268 2689 1393 2755 divites
1412 2690 1453 2754 in

279 2824 356 2869 eam
379 2824 412 2868 se
437 2802 719 2867 consuetudinem
742 2800 933 2881 adduxisse,
959 2808 998 2865 ut
1019 2801 1138 2865 inanes
1160 2801 1355 2888 voluptates
1371 2824 1453 2867 con-

279 2922 496 2995 sectarentur,
531 2915 743 2980 rarissimum
767 2915 917 3000 quidque
941 2921 1126 2999 captarent,
1152 2936 1257 3000 qnam
1278 2917 1451 2981 maximos

278 3035 434 3116 sumptus
455 3030 563 3094 facere
588 3050 649 3115 pro
672 3029 854 3112 magnifico
878 3028 1079 3113 acciperent.
1127 3027 1450 3117 Aturiedlanderr)

277 3145 475 3210 Romanurn
497 3143 621 3208 luxum
643 3163 864 3228 nequaquam
887 3141 1137 3206 tantumluisse
1151 3147 1259 3226 putat,
1275 3149 1449 3228 quantum
1523 3155 1526 3159 “

277 3259 412 3326 auxerit
430 3259 531 3339 fama,
555 3257 771 3342 eundemque
785 3254 940 3340 publicae
953 3254 1065 3340 potius
1078 3253 1178 3318 saluti
1192 3255 1405 3322 conduxisse.
1420 3257 1448 3344 6)

277 3421 381 3497 θέρους
411 3417 443 3482 δὲ
473 3417 587 3495 γυμνὸς
619 3415 826 3493 ἐργασάμενος
856 3416 936 3492 μετὰ
957 3423 1015 3475 τῶν
1036 3417 1154 3478 οἰκετῶν
1173 3413 1265 3475 ἐσθίει
1285 3415 1337 3475 τὸν
1357 3415 1448 3477 αὐτὸν

278 3517 367 3594 ἄρτον
387 3518 460 3593 ὁμοῦ
479 3517 650 3591 καθήμενος
671 3513 719 3577 καὶ
739 3517 812 3572 πίνει
833 3511 884 3572 τὸν
904 3508 991 3572 αὐτὸν
1011 3503 1110 3571 οἶνον.”

313 3616 329 3675 1)
343 3614 438 3663 Colum.
456 3613 477 3670 1,
495 3613 567 3676 prael.
587 3613 625 3659 15.

309 3699 329 3758 ²)
346 3697 401 3754 XII,
419 3697 492 3760 praes.
510 3695 533 3743 9.

307 3780 327 3840 ¹)
344 3781 423 3843 Marq.
441 3777 555 3828 Privatl.²
572 3793 624 3842 pag.
644 3777 690 3825 142
708 3793 771 3840 seqq.

307 3865 326 3923 ⁴)
345 3862 410 3911 Plin.
429 3862 459 3910 N.
478 3861 509 3909 H.
528 3861 638 3917 XXllllI,
658 3861 679 3916 l,
699 3861 738 3908 26.
773 3861 899 3907 Servorum
918 3875 1043 3906 numerum
1060 3861 1139 3906 tamen
1158 3859 1246 3907 sensim
1255 3858 1377 3908 minutum
1386 3876 1444 3920 asse,

274 3962 329 3995 cnm
349 3946 430 3994 minus
446 3944 579 4006 frequentes
596 3943 689 3992 venales
706 3943 896 4006 producerentur,
915 3942 977 3990 intra
994 3941 1079 3989 docebo
1099 3945 1159 4005 (pag.
1180 3943 1226 4002 55).

309 4029 327 4089 ὓ)
345 4027 497 4090 Sittengesch.
516 4027 588 4074 Roms
605 4027 652 4074 ΙΙΙο
671 4042 722 4089 pag.
741 4026 755 4073 6
773 4041 835 4088 seqq.

307 4114 325 4172 ὅ)
354 4111 408 4159 Non
425 4125 519 4159 omnem
537 4113 597 4156 certe
614 4110 696 4157 lurum
714 4109 852 4156 damnosum
870 4125 917 4156 esse
934 4109 981 4156 iarn
999 4107 1104 4172 antiquis
1120 4107 1223 4172 patuisse
1232 4109 1333 4157 videtur.
1367 4109 1441 4159 Athe-

272 4217 344 4252 naeus
371 4199 435 4248 enim
462 4197 532 4246 rerba
557 4196 637 4246 laudat
662 4197 794 4246 Heraclidis
820 4197 914 4245 Pontici
932 4199 1027 4260 (Athen.
1046 4198 1099 4253 XII,
1119 4200 1158 4258 ὃ),
1182 4195 1224 4258 „oi
1242 4192 1373 4266 τύραννοι
1391 4193 1442 4255 καὶ
