3274 4998
801 403 865 468 104

247 589 410 642 extromum.
433 603 490 641 non
512 584 588 642 enim
609 590 651 642 est
669 583 723 640 hoc
742 581 860 640 rationis
880 583 1001 640 tuendae
1023 583 1064 640 rei
1076 582 1222 642 familiaris
1233 604 1342 653 munus,
1354 603 1415 642 rem

247 683 348 739 augere
372 709 676 722 ...........

288 745 368 820 (Cap.
392 747 450 816 10.)
473 744 578 801 Videre
599 751 630 802 ut
649 743 769 821 pecunia
790 749 927 819 suppetat,
950 744 1044 820 aliqua
1054 744 1163 800 ratione
1174 751 1216 801 est
1226 745 1286 800 eius
1298 745 1346 820 qui
1358 763 1418 800 rem

248 825 415 881 familiarem
436 831 528 881 tuetur
556 831 638 900 atque
660 823 847 891 administrat,
859 825 953 899 aliqua
972 825 1081 881 ratione
1092 843 1150 880 non
1162 832 1212 893 est,
1225 825 1275 881 sed
1286 825 1352 881 artis
1365 825 1417 880 mi·

248 905 353 962 nistrae
374 910 402 962 et
422 905 631 962 subservientis.
653 904 774 961 maxime
796 910 897 971 autem,
920 905 1156 980 quemadmodum
1172 911 1236 962 ante
1249 905 1417 972 dictumest,

249 1004 310 1042 eam
331 989 441 1060 praesto
463 1003 523 1041 esse
544 990 654 1060 oportet
674 990 781 1040 natura.
803 989 918 1040 naturae
939 985 1014 1041 enim
1026 1004 1126 1040 munus
1138 991 1179 1042 est
1189 985 1293 1042 victum
1303 985 1330 1041 ei
1341 984 1420 1060 quod

249 1070 424 1142 procreatum
446 1071 488 1122 est
503 1065 655 1141 praebere:
679 1063 756 1120 omni
778 1063 853 1120 eninr
874 1064 943 1131 eius,
964 1065 1040 1121 unde
1062 1065 1158 1133 oritur,
1180 1066 1319 1140 reliquum
1330 1065 1420 1120 victrrs

250 1151 300 1202 est.
334 1163 419 1221 quare
450 1163 482 1202 ea
502 1145 638 1220 pecuniae
660 1144 835 1220 quaerendae
853 1145 924 1199 ratio
945 1151 1059 1200 naturae
1081 1151 1268 1202 consentanea
1289 1145 1420 1205 omnibus

250 1231 301 1294 est,
323 1244 394 1301 quae
415 1230 458 1282 est
478 1244 494 1280 a
514 1223 651 1282 fructibus
672 1231 700 1280 et
720 1223 896 1280 animalibus
919 1243 980 1280 oum
1002 1225 1039 1280 sit
1050 1231 1141 1282 autem
1153 1244 1185 1282 ea
1196 1225 1310 1302 duplex,
1323 1243 1420 1300 quem·

251 1305 403 1362 admodum
435 1305 567 1373 diximus,
601 1311 629 1362 et
659 1305 745 1360 altera
776 1303 891 1379 quidem
922 1304 959 1361 sit
989 1305 1166 1380 cauponaria,
1195 1307 1281 1362 altera
1302 1305 1418 1362 adrem

251 1386 420 1443 familiarem
451 1385 585 1441 tuendam
616 1385 780 1460 pertinens3
803 1383 918 1440 ethaeo
940 1384 1056 1459 quidem
1076 1386 1233 1442 necessaria
1254 1385 1291 1442 sit
1311 1391 1339 1442 et
1359 1385 1420 1440 lau-

252 1467 342 1534 detur,
374 1465 423 1521 illa
455 1470 556 1533 autem,
588 1459 659 1540 quie
690 1465 721 1520 in
741 1463 947 1540 permutatione
968 1465 1046 1520 numi
1066 1465 1203 1533 consistit,
1225 1465 1324 1522 merito
1347 1465 1420 1520 vit·

252 1552 365 1622 peretur
395 1549 464 1619 (nou
496 1545 572 1601 enim
592 1551 707 1602 naturae
728 1551 915 1600 consentanea
936 1550 985 1612 est,
1008 1545 1057 1602 sed
1079 1545 1109 1601 in
1130 1564 1163 1602 ea
1183 1546 1252 1602 alter
1277 1545 1311 1601 ab
1333 1545 1421 1601 altero

253 1629 360 1684 lucrum
381 1629 553 1700 aucupatur),
576 1625 682 1701 optima
702 1625 810 1681 ratione
833 1623 963 1680 omnibus
984 1625 1014 1681 in
1036 1625 1102 1682 odio
1123 1631 1165 1682 est
1175 1627 1246 1682 ratio
1257 1624 1421 1692 feneratrix,

254 1706 331 1783 quod
362 1706 396 1762 ab
428 1705 490 1781 ipso
521 1725 607 1761 numo
639 1711 770 1780 quaestus
795 1705 850 1760 -liat
877 1711 904 1760 et
925 1723 983 1760 non
1004 1705 1041 1762 ad
1062 1725 1145 1782 quam
1166 1725 1225 1762 rem
1245 1711 1357 1782 paratus
1380 1710 1423 1760 est

254 1791 397 1862 usurpent.
420 1785 635 1860 permutationis
656 1785 732 1841 enim
753 1784 843 1858 gratia
863 1791 944 1840 natus
965 1791 1015 1853 est,
1038 1785 1119 1842 fenus
1141 1782 1232 1842 autem
1254 1805 1318 1842 eum
1339 1791 1424 1859 auget

255 1873 283 1924 et
314 1865 490 1942 multiplicat.
522 1865 598 1922 unde
630 1865 714 1922 etiam
745 1864 820 1940 apud
850 1865 972 1920 Graecos
1003 1865 1056 1922 hoo
1077 1885 1180 1922 nomen
1200 1866 1305 1942 reperit
1325 1863 1424 1938 (τόκος

255 1946 331 2004 enim
366 1965 382 2002 a
412 1945 558 2022 pariendo,
590 1946 667 2020 quod
688 1944 732 2001 illi
753 1945 852 2001 dieunt
871 1947 989 2012 τίκτειν,
1011 1946 1142 2015 manavit,
1163 1952 1191 2002 et
1211 1946 1286 2022 apud
1307 1944 1424 2001 Latinos

183 2045 185 2047 ·
256 2027 337 2083 fenus
369 2045 385 2082 a
416 2025 504 2097 fetul:
528 2025 631 2082 similia
652 2025 726 2082 enim
749 2030 814 2081 sunt
835 2043 867 2079 ea
888 2043 958 2100 quae
979 2026 1133 2101 pariuntur,
1155 2026 1191 2082 iis
1212 2045 1283 2102 quae
1304 2025 1426 2099 gignunt

257 2111 285 2164 et
314 2111 470 2182 procreant.
502 2105 533 2162 in
564 2105 661 2162 fenore
693 2111 784 2162 autern
815 2105 934 2179 pecunia
954 2105 1090 2180 pecuniae
1111 2111 1206 2182 partus
1227 2125 1258 2162 ac
1280 2105 1352 2162 fetus
1373 2109 1424 2160 est.

258 2192 430 2262 quapropter
461 2185 582 2242 maxime
613 2185 738 2242 omnium
770 2184 946 2260 quaerendae
977 2186 1113 2262 pecuniae
1133 2185 1273 2243 rationum
1295 2185 1427 2242 abhorret

257 2267 325 2323 haec
347 2265 508 2322 enatura.’'

302 2425 501 2491 Aristoteles
529 2425 698 2490 rationem
722 2425 915 2490 naturalem
939 2425 1125 2512 (attemptat)
1150 2447 1170 2490 a
1193 2425 1323 2491 ratione
1349 2425 1427 2490 arti-

259 2540 375 2606 ficiosa
398 2538 650 2626 (χρηματιστικὴ)
674 2539 856 2624 seiungens
878 2577 922 2588 -
945 2539 982 2604 in
1005 2539 1065 2604 illa
1088 2545 1204 2605 autern
1228 2540 1348 2626 quanti
1361 2540 1427 2605 sin-

258 2654 359 2738 gulae
382 2675 435 2718 res
458 2653 526 2717 sint
549 2653 748 2717 aestimatur
775 2675 819 2718 ex
842 2653 1101 2740 consumptione
1121 2652 1425 2740 (pebruilcawuarde)‚

259 2769 297 2832 in
331 2767 395 2832 hac
420 2788 463 2831 ex
487 2767 738 2852 permutatione
763 2766 977 2853 (rutlwuurdc)
1001 2805 1045 2816 -
1068 2768 1180 2853 prima
1202 2767 1428 2832 fundamenta

260 2881 374 2966 posuit
408 2879 501 2944 illius
536 2879 708 2944 doetrinae
737 2901 842 2966 quam
866 2886 1030 2945 nostrates
1054 2880 1228 2966 appellant
1250 2881 1429 2946 Stautliuta-

262 2993 458 3059 doudlcuade.
477 2991 502 3079 ¹)
537 2993 670 3058 Docent
703 2993 796 3058 enim
829 2993 879 3057 illi
916 3015 1062 3080 quoque,
1099 2995 1158 3080 qui
1187 2995 1276 3060 hanc
1308 2995 1430 3060 doetri-

261 3129 343 3172 nam
378 3107 591 3192 profitentur,
627 3105 771 3192 populos
805 3107 842 3171 in
875 3107 995 3172 infimo
1029 3107 1125 3172 cultu
1159 3114 1192 3173 et
1215 3108 1428 3172 humanitate

261 3219 440 3285 collocatos
484 3219 581 3284 illam
617 3220 786 3285 rationem
820 3221 910 3287 vitae
946 3221 1139 3286 communis
1173 3221 1429 3286 constituendae

261 3333 370 3419 sequi,
394 3355 463 3418 qua
486 3354 556 3398 non
585 3333 652 3398 nisi
675 3355 728 3398 res
750 3333 924 3398 naturales
946 3334 981 3398 in
1007 3334 1115 3420 pretio
1128 3335 1196 3399 siut
1208 3335 1428 3421 [Germanice

261 3445 603 3531 Naturalcutrtsclroft}
615 3447 651 3510 in
672 3446 871 3512 cultioribus
884 3469 964 3514 vero
978 3449 1075 3512 terris
1088 3448 1302 3532 singularum
1315 3469 1430 3513 rerum

262 3564 465 3646 potestatem
490 3558 533 3622 ad
547 3559 732 3644 pecuniam
744 3560 898 3626 revocari
911 3561 1133 3646 [Germanice
1149 3561 1429 3646 Geldautrtschoft}

307 3673 397 3740 Cave
436 3677 550 3737 tamen
586 3673 703 3737 credas
738 3673 776 3737 in
810 3674 940 3740 ratione
975 3674 1034 3739 illa
1066 3674 1214 3739 naturali
1248 3674 1431 3760 pecuniam

262 3808 395 3873 semper
430 3808 567 3872 prorsus
601 3808 670 3851 esse
705 3786 869 3871 ignotam.
915 3789 992 3874 lpse
1024 3787 1221 3854 Aristoteles
1255 3789 1337 3853 dicit
1360 3809 1430 3852 non

263 3956 456 3967 ,----.-.

298 4048 326 4108 Ι)“
341 4047 377 4096 Cf.
406 4064 427 4096 v.
453 4047 608 4106 Kirohmann‚
633 4048 751 4098 Erliiuter.
771 4065 800 4096 zu
818 4049 858 4098 des
875 4049 971 4098 Aristot.
989 4048 1078 4098 Politilr
1096 4049 1168 4112 (Phil.
1186 4049 1300 4098 Biblioth.
1317 4049 1361 4098 Bd.
1380 4050 1429 4110 85),

261 4131 305 4179 No.
325 4131 372 4188 20;
391 4130 499 4188 Barcha,
517 4131 578 4194 Syst.
597 4132 619 4179 d.
638 4131 841 4190 volkswirthsoh,
860 4132 894 4180 Ι18
911 4149 962 4196 pag.
981 4133 1037 4181 289.
