3226 4998
734 465 775 528 23

166 643 353 708 discrimen
391 644 480 709 inter
514 645 598 710 haee
630 645 697 709 duo
733 645 875 710 nomina
911 667 997 732 quae
1033 652 1112 710 sunt
1146 646 1270 712 clientes
1305 653 1340 712 et

160 757 277 842 plebei,
321 759 411 844 quod
451 757 537 822 illud
576 759 704 822 indicat
744 758 896 844 aliquem
935 759 972 822 in
1006 758 1117 823 alieno
1155 765 1338 844 patronatu

166 891 250 950 osse,
296 871 361 936 hoo
408 893 488 935 eum
533 870 677 957 publiois
700 871 831 936 iuribus
855 894 977 952 oarere,
1004 871 1128 958 quibus
1152 871 1337 938 utebantur

167 983 313 1069 patricii.

214 1098 376 1182 Legimus
409 1098 548 1164 clientes
581 1099 682 1164 fuisse
718 1099 754 1162 in
792 1106 1015 1184 patronorum
1046 1119 1187 1162 suorum
1209 1137 1253 1148 -
1278 1101 1336 1186 qui

167 1210 266 1276 initio
290 1211 411 1276 saltem
433 1233 567 1298 semper
590 1213 724 1297 patrioii
747 1219 866 1293 erant;
892 1218 1008 1298 postea
1034 1211 1194 1277 etiamex
1207 1212 1336 1298 plebeis

167 1325 304 1410 patroni
339 1325 564 1391 inveniuntur
588 1365 632 1374 —
655 1326 834 1407 famulatu,
860 1348 922 1391 neo
945 1332 1062 1390 tamen
1086 1326 1187 1391 fuisse
1212 1347 1334 1393 servos

167 1439 286 1519 Erant,
323 1446 360 1503 ut
396 1439 602 1505 Mommseni
627 1438 651 1526 ¹)
677 1439 790 1506 verbis
814 1446 900 1520 utar,
925 1437 1120 1504 semiliberi.
1167 1439 1255 1506 Cum
1279 1463 1336 1526 pa·

167 1553 275 1617 tronis
309 1552 377 1617 suis
411 1553 549 1619 vinoulo
586 1554 736 1640 quodam
772 1553 946 1618 ooniunoti
980 1553 1081 1617 fuisse
1112 1553 1283 1633 dicuntur,
1309 1552 1335 1639 1)

168 1665 261 1752 quod
295 1687 375 1731 eum
412 1666 560 1747 vinculo,
597 1688 664 1753 quo
690 1673 847 1752 parentes
870 1688 950 1732 oum
973 1665 1051 1730 filiis
1074 1672 1197 1732 natura
1220 1688 1335 1732 conso-

167 1779 243 1860 ciat,
290 1777 315 1865 ³)
351 1780 455 1865 possit
489 1780 699 1866 eomparari:
736 1787 897 1866 patronos
934 1780 1028 1858 eninr
1062 1780 1149 1845 mira
1185 1780 1334 1867 quadam

167 1892 305 1958 lenitate
330 1915 368 1958 ao
392 1894 550 1959 comitato
575 1913 655 1978 erga
678 1893 817 1959 clientes
829 1894 940 1974 fuisse,
955 1893 1017 1959 hos
1029 1900 1147 1959 eontra
1158 1915 1334 1959 summum

167 2007 203 2070 in
237 2007 312 2072 illos
347 2008 499 2072 studium
533 2008 746 2093 praestitisse.
793 2007 889 2072 Lioet
923 2015 1040 2072 autern
1067 2007 1115 2072 ita
1137 2013 1334 2093 comparata

167 2121 209 2185 sit
246 2127 369 2186 natura
391 2121 582 2202 hominum,
608 2128 646 2185 ut
669 2121 861 2186 laudatores
884 2120 1046 2206 temporis
1070 2120 1136 2186 aeti
1158 2142 1227 2186 esse
1252 2121 1334 2187 sole·

166 2241 234 2316 aut,
270 2234 412 2321 iureque
448 2234 597 2300 dubitari
622 2234 734 2320 possit,
759 2257 803 2299 an
827 2234 905 2320 plus
928 2234 1059 2299 dietum
1082 2233 1125 2299 sit
1149 2255 1254 2320 quam
1275 2258 1333 2322 pa·

200 2458 216 2519 ¹)
234 2459 344 2506 Momms.
363 2457 419 2505 StR.
439 2457 478 2506 III
496 2473 547 2522 pag.
567 2459 598 2504 54
614 2473 676 2520 seqq.
695 2460 718 2505 et
735 2456 855 2520 imprimis
873 2472 923 2520 pag.
943 2456 982 2504 63.
1001 2455 1037 2503 Of.
1055 2454 1126 2503 etiarn
1137 2455 1207 2519 Voigt
1224 2453 1332 2506 XIITaf.

164 2543 189 2590 II
209 2558 260 2605 pag.
279 2539 326 2591 667
345 2556 408 2604 seqq.

197 2623 216 2683 ²)
234 2623 270 2671 Cf.
288 2623 358 2671 Dion.
378 2623 410 2680 ll,
429 2623 476 2680 10;
495 2621 560 2671 Plut.
581 2624 648 2671 llum.
668 2623 712 2680 13;
731 2622 809 2686 Voigt.
828 2621 845 2670 l.
864 2621 880 2670 l.
899 2637 950 2685 pag.
969 2620 1025 2672 611.
1048 2687 1051 2694 Ι

194 2706 213 2766 ³)
231 2707 337 2754 Fortasse
354 2706 434 2754 eodem
453 2706 599 2754 referendum
616 2711 650 2754 est
669 2706 692 2754 id
709 2705 997 2769 quodPaulusDiaoonus
1007 2708 1068 2768 (pag.
1080 2704 1137 2765 247)
1147 2705 1220 2753 dieit:
1232 2706 1331 2769 „Patres

163 2793 278 2837 seuaurres
303 2789 354 2836 ideo
371 2788 483 2852 appellati
502 2793 564 2846 sunt,
582 2789 639 2852 quia
655 2805 765 2852 agrorum
784 2793 861 2853 portes
878 2788 1035 2837 attribuerent
1051 2788 1199 2837 tenuioribus
1219 2788 1282 2837 1111
1301 2787 1331 2836 li·

164 2872 224 2920 beris
249 2871 375 2935 propriis''.
412 2872 500 2919 Parum
526 2872 677 2935 perspicuum
702 2876 744 2928 est,
761 2872 820 2935 quid
834 2871 890 2920 haee
907 2870 978 2920 verba
994 2870 1040 2918 sibi
1059 2870 1142 2920 velint.
1160 2872 1272 2920 Primum
1290 2873 1331 2936 qui

163 2959 217 3002 suut
233 2953 272 3002 illi
293 2953 462 3017 ,‚tenuiores’'?
497 2954 609 3018 Plerique
627 2955 766 3018 interpretes
782 2958 868 3018 putant
884 2971 923 3002 eos
939 2970 988 3003 esse
1004 2953 1110 3002 clientes.
1145 2954 1251 3002 Fortasse
1263 2958 1330 3003 reete.

164 3039 223 3086 'l'um
250 3037 308 3100 quid
333 3037 467 3100 significant
493 3037 536 3085 illa
554 3037 623 3085 verba
642 3053 683 3100 „ae
700 3037 720 3084 si
734 3036 818 3085 liberis
835 3036 976 3100 propriis''l
993 3037 1052 3085 lude
1069 3037 1143 3100 possit
1159 3036 1241 3100 eolligi
1259 3038 1331 3101 patri-

164 3119 209 3166 cios
235 3119 281 3180 (vel
299 3124 424 3180 senatores)
441 3120 520 3168 eadem
538 3137 593 3168 eura
610 3119 755 3168 consuluisse
773 3119 904 3168 rationibus
921 3119 1047 3167 clientium
1065 3135 1163 3169 suorum
1180 3136 1206 3168 11
1225 3121 1331 3184 proprio-

164 3218 215 3250 rum
251 3202 388 3251 liberorum.
424 3202 536 3266 Plerique
571 3203 616 3250 viri
644 3203 706 3251 doeti
734 3207 813 3251 tamen
841 3201 959 3262 (Niebuhr
984 3201 1008 3250 1²
1033 3217 1084 3265 pag.
1112 3201 1173 3260 337;
1200 3201 1332 3267 Sehwegler

165 3284 191 3333 u.
218 3286 245 3333 G.
273 3287 284 3334 I
312 3302 362 3350 pag.
389 3285 453 3342 641;
479 3287 556 3348 Lange
582 3286 650 3334 Rom.
677 3285 726 3334 att.
754 3285 777 3333 1³
804 3301 854 3348 pag.
883 3285 947 3342 245;
974 3284 1108 3333 Mommsen
1133 3285 1190 3333 StR.
1216 3285 1254 3333 lII
1280 3301 1332 3349 pag.

165 3368 211 3424 83;
231 3369 265 3416 ul.
286 3369 313 3416 ll.
332 3369 360 3416 G.
379 3369 403 3418 1⁸
421 3385 472 3432 pag.
493 3369 556 3424 188;
577 3369 610 3417 ld.
629 3369 697 3416 Rern.
717 3367 811 3416 Forseh.
830 3368 842 3416 I
860 3383 912 3431 pag.
927 3368 992 3425 366;
1012 3366 1117 3425 l'aleton,
1127 3368 1191 3416 Oves
1200 3364 1332 3416 de'reehten

164 3452 203 3500 der
219 3452 302 3516 patrie.
319 3456 408 3515 gentes,
429 3455 505 3501 Amet.
526 3453 598 3512 1894,
617 3469 669 3517 pag.
690 3451 720 3503 67
740 3451 822 3513 (372);
842 3451 893 3499 alii.
912 3451 948 3499 Ol.
967 3454 1045 3499 tamen
1055 3451 1115 3498 Ihne
1124 3451 1218 3500 Forsoh.
1229 3467 1280 3514 pag.
1291 3452 1332 3512 82)

164 3534 257 3583 Festum
283 3539 395 3599 spectasse
421 3538 506 3598 putant
531 3535 560 3584 ad
585 3535 610 3584 id
636 3536 698 3599 quod
724 3533 904 3584 iurisconsulti
924 3533 1087 3598 „precarium”
1105 3533 1232 3598 appellant.
1267 3533 1332 3598 Quid

164 3617 200 3674 sit,
226 3619 292 3666 doeet
317 3617 436 3682 Ulpianus
461 3617 516 3682 Dig.
543 3619 630 3677 XLIII,
649 3619 688 3678 26,
708 3618 737 3666 l:
757 3617 908 3682 „Preearium
917 3615 1149 3680 est,quod·preoibus
1159 3617 1250 3680 petenti
1261 3620 1330 3666 uten-

164 3701 219 3748 dum
241 3701 377 3750 ronoedItur
394 3701 492 3759 taden
510 3701 624 3765 quamdiu
641 3702 662 3749 11
679 3701 720 3764 qui
738 3701 851 3749 eoaeessit
867 3699 981 3763 patitur.''
1016 3699 1050 3748 Ut
1066 3699 1130 3747 enim
1147 3699 1193 3747 filii
1211 3699 1331 3764 peoulium

165 3798 210 3830 uon
236 3783 356 3845 privatum
382 3801 409 3832 11
433 3800 504 3832 suum
529 3783 648 3847 appellare
674 3786 787 3847 poterant,
814 3783 853 3830 sed
871 3798 952 3830 eorum
970 3785 1047 3846 patres
1064 3782 1198 3830 dominium
1215 3781 1332 3832 habebant

57 3904 59 3908 .
164 3864 209 3924 (CI.
230 3863 307 3928 Msrq.
333 3865 456 3914 Privatl.²
472 3883 523 3931 pag.
542 3869 566 3923 4,
583 3871 607 3914 et
623 3871 715 3930 praeter
731 3865 794 3914 looos
813 3865 842 3914 ab
858 3882 885 3913 eo
902 3881 929 3913 ex
943 3863 1121 3913 iurisoonsultis
1138 3863 1244 3913 laudatos
1258 3865 1331 3915 Dion.

83 4005 85 4009 Ι
166 3946 231 4004 VIII,
258 3945 296 4003 79,
323 3950 355 4008 4),
382 3948 416 3995 sie
442 3949 486 3997 hoo
511 3948 561 3996 loeo
579 3949 677 3997 clientes
694 3948 802 3997 oolendos
819 3948 916 4012 quidem
933 3963 1000 4011 agros
1017 3947 1131 4011 aooepisse
1147 3951 1271 4012 putantur,
1289 3965 1332 3998 1111

165 4032 240 4076 tamen
266 4029 358 4092 patroni
385 4031 519 4079 dominium
543 4032 573 4079 111
599 4032 701 4080 11111111.
736 4031 871 4094 Utcumque
888 4035 930 4087 est,
944 4031 1056 4078 confieere
1073 4029 1141 4078 noble
1159 4029 1215 4079 lieet
1231 4029 1331 4080 illorum

165 4112 298 4160 tenuiorum
326 4113 488 4162 eondieionam
505 4115 578 4162 fuisse
595 4115 722 4162 admodum
739 4113 895 4171 tolerabilem,
913 4115 994 4176 utpote
1011 4111 1052 4176 qui
1070 4128 1097 4160 ex
1114 4112 1164 4176 agri
1181 4112 1277 4162 cultura
1293 4114 1330 4162 vi·

165 4197 211 4242 tam
229 4209 294 4242 suam
312 4198 476 4244 sustentarent.
