<?xml version="1.0" encoding="UTF-8"?>
<!DOCTYPE html PUBLIC "-//W3C//DTD XHTML 1.0 Transitional//EN"
    "http://www.w3.org/TR/xhtml1/DTD/xhtml1-transitional.dtd">
<html xmlns="http://www.w3.org/1999/xhtml" xml:lang="en" lang="en">
 <head>
  <title>
</title>
<meta http-equiv="Content-Type" content="text/html;charset=utf-8" />
  <meta name='ocr-system' content='tesseract 3.04.00' />
  <meta name='ocr-capabilities' content='ocr_page ocr_carea ocr_par ocr_line ocrx_word'/>
</head>
<body>
  <div class='ocr_page' id='page_1' title='image "./depauperumcuraa00essegoog_0119.png"; bbox 0 0 3274 4998; ppageno 0'>
   <div class='ocr_carea' id='block_1_1' title="bbox 653 1688 841 1756">
    <p class='ocr_par' dir='ltr' id='par_1_1' title="bbox 653 1688 841 1756">
     <span class='ocr_line' id='line_1_1' title="bbox 653 1688 841 1756; baseline 0 0"><span class='ocrx_word' id='word_1_1' title='bbox 653 1688 773 1756; x_wconf 76' lang='lat' dir='ltr'>Grrur</span> <span class='ocrx_word' id='word_1_2' title='bbox 794 1689 841 1756; x_wconf 89' lang='grc' dir='ltr'>ΙΙ.</span> 
     </span>
    </p>
   </div>
   <div class='ocr_carea' id='block_1_2' title="bbox 522 1914 968 2004">
    <p class='ocr_par' dir='ltr' id='par_1_2' title="bbox 522 1914 968 2004">
     <span class='ocr_line' id='line_1_2' title="bbox 522 1914 968 2004; baseline -0.004 -21"><span class='ocrx_word' id='word_1_3' title='bbox 522 1915 571 1983; x_wconf 83' lang='lat' dir='ltr'>De</span> <span class='ocrx_word' id='word_1_4' title='bbox 587 1916 719 2004; x_wconf 73' lang='lat' dir='ltr'>faenore</span> <span class='ocrx_word' id='word_1_5' title='bbox 739 1914 968 1984; x_wconf 80' lang='lat' dir='ltr'>Romanorum.</span> 
     </span>
    </p>
   </div>
   <div class='ocr_carea' id='block_1_3' title="bbox 161 2155 1422 3042">
    <p class='ocr_par' dir='ltr' id='par_1_3' title="bbox 161 2155 1422 3042">
     <span class='ocr_line' id='line_1_3' title="bbox 178 2155 1332 2248; baseline 0.005 -26"><span class='ocrx_word' id='word_1_6' title='bbox 178 2155 378 2240; x_wconf 65' lang='lat' dir='ltr'>&#39;Notiones</span> <span class='ocrx_word' id='word_1_7' title='bbox 415 2181 503 2246; x_wconf 88' lang='lat' dir='ltr'>quae</span> <span class='ocrx_word' id='word_1_8' title='bbox 537 2159 575 2224; x_wconf 89' lang='lat' dir='ltr'>in</span> <span class='ocrx_word' id='word_1_9' title='bbox 609 2181 645 2225; x_wconf 90' lang='lat' dir='ltr'>re</span> <span class='ocrx_word' id='word_1_10' title='bbox 678 2159 876 2246; x_wconf 87' lang='lat' dir='ltr'>pecuniaria</span> <span class='ocrx_word' id='word_1_11' title='bbox 914 2160 1007 2247; x_wconf 90' lang='lat' dir='ltr'>apud</span> <span class='ocrx_word' id='word_1_12' title='bbox 1035 2165 1166 2228; x_wconf 89' lang='lat' dir='ltr'>veteres</span> <span class='ocrx_word' id='word_1_13' title='bbox 1187 2161 1332 2248; x_wconf 89' lang='lat' dir='ltr'>populos</span> 
     </span>
     <span class='ocr_line' id='line_1_4' title="bbox 162 2271 1422 2360; baseline 0.005 -25"><span class='ocrx_word' id='word_1_14' title='bbox 162 2271 414 2357; x_wconf 77' lang='lat' dir='ltr'>praevalebant,</span> <span class='ocrx_word' id='word_1_15' title='bbox 440 2295 461 2338; x_wconf 91' lang='lat' dir='ltr'>a</span> <span class='ocrx_word' id='word_1_16' title='bbox 484 2273 607 2340; x_wconf 85' lang='lat' dir='ltr'>nostris</span> <span class='ocrx_word' id='word_1_17' title='bbox 630 2272 822 2359; x_wconf 92' lang='lat' dir='ltr'>plurimum</span> <span class='ocrx_word' id='word_1_18' title='bbox 845 2273 1048 2360; x_wconf 89' lang='lat' dir='ltr'>discrepant.</span> <span class='ocrx_word' id='word_1_19' title='bbox 1073 2274 1332 2360; x_wconf 80' lang='lat' dir='ltr'>Quascognitas</span> <span class='ocrx_word' id='word_1_20' title='bbox 1420 2312 1422 2316; x_wconf 85' lang='grc'><em>·</em></span> 
     </span>
     <span class='ocr_line' id='line_1_5' title="bbox 161 2383 1331 2474; baseline 0.004 -25"><span class='ocrx_word' id='word_1_21' title='bbox 161 2383 285 2451; x_wconf 90' lang='lat' dir='ltr'>habere</span> <span class='ocrx_word' id='word_1_22' title='bbox 321 2408 456 2452; x_wconf 88' lang='lat' dir='ltr'>necesse</span> <span class='ocrx_word' id='word_1_23' title='bbox 481 2393 540 2468; x_wconf 88' lang='lat' dir='ltr'>est,</span> <span class='ocrx_word' id='word_1_24' title='bbox 561 2388 589 2452; x_wconf 91' lang='lat' dir='ltr'>si</span> <span class='ocrx_word' id='word_1_25' title='bbox 613 2385 750 2453; x_wconf 88' lang='lat' dir='ltr'>crebras</span> <span class='ocrx_word' id='word_1_26' title='bbox 773 2386 866 2471; x_wconf 85' lang='lat' dir='ltr'>leges</span> <span class='ocrx_word' id='word_1_27' title='bbox 889 2385 1014 2474; x_wconf 90' lang='lat' dir='ltr'>quibus</span> <span class='ocrx_word' id='word_1_28' title='bbox 1037 2386 1187 2453; x_wconf 87' lang='lat' dir='ltr'>Romani</span> <span class='ocrx_word' id='word_1_29' title='bbox 1210 2408 1331 2454; x_wconf 81' lang='lat' dir='ltr'>usuros</span> 
     </span>
     <span class='ocr_line' id='line_1_6' title="bbox 161 2498 1330 2585; baseline 0.004 -22"><span class='ocrx_word' id='word_1_30' title='bbox 161 2498 315 2565; x_wconf 88' lang='lat' dir='ltr'>minuere</span> <span class='ocrx_word' id='word_1_31' title='bbox 328 2501 441 2566; x_wconf 90' lang='lat' dir='ltr'>conati</span> <span class='ocrx_word' id='word_1_32' title='bbox 454 2507 542 2582; x_wconf 89' lang='lat' dir='ltr'>sunt,</span> <span class='ocrx_word' id='word_1_33' title='bbox 550 2507 584 2567; x_wconf 89' lang='lat' dir='ltr'>et</span> <span class='ocrx_word' id='word_1_34' title='bbox 595 2499 792 2585; x_wconf 81' lang='lat' dir='ltr'>intellegere</span> <span class='ocrx_word' id='word_1_35' title='bbox 805 2505 839 2566; x_wconf 90' lang='lat' dir='ltr'>et</span> <span class='ocrx_word' id='word_1_36' title='bbox 850 2500 937 2566; x_wconf 88' lang='lat' dir='ltr'>iuste</span> <span class='ocrx_word' id='word_1_37' title='bbox 948 2499 1099 2566; x_wconf 88' lang='lat' dir='ltr'>iudicare</span> <span class='ocrx_word' id='word_1_38' title='bbox 1112 2500 1207 2567; x_wconf 87' lang='lat' dir='ltr'>velis.</span> <span class='ocrx_word' id='word_1_39' title='bbox 1221 2501 1330 2568; x_wconf 81' lang='lat' dir='ltr'>Testis</span> 
     </span>
     <span class='ocr_line' id='line_1_7' title="bbox 161 2612 1330 2702; baseline 0.003 -25"><span class='ocrx_word' id='word_1_40' title='bbox 161 2612 203 2677; x_wconf 88' lang='lat' dir='ltr'>sit</span> <span class='ocrx_word' id='word_1_41' title='bbox 230 2612 437 2696; x_wconf 88' lang='lat' dir='ltr'>Aristoteles,</span> <span class='ocrx_word' id='word_1_42' title='bbox 471 2636 539 2702; x_wconf 89' lang='lat' dir='ltr'>quo</span> <span class='ocrx_word' id='word_1_43' title='bbox 563 2613 684 2680; x_wconf 88' lang='lat' dir='ltr'>altiora</span> <span class='ocrx_word' id='word_1_44' title='bbox 706 2614 744 2678; x_wconf 90' lang='lat' dir='ltr'>in</span> <span class='ocrx_word' id='word_1_45' title='bbox 766 2635 883 2679; x_wconf 89' lang='lat' dir='ltr'>rerum</span> <span class='ocrx_word' id='word_1_46' title='bbox 905 2612 1192 2700; x_wconf 80' lang='lat' dir='ltr'>contemplatione</span> <span class='ocrx_word' id='word_1_47' title='bbox 1218 2615 1330 2681; x_wconf 86' lang='lat' dir='ltr'>studia</span> 
     </span>
     <span class='ocr_line' id='line_1_8' title="bbox 161 2725 1331 2816; baseline 0.003 -25"><span class='ocrx_word' id='word_1_48' title='bbox 161 2747 262 2792; x_wconf 88' lang='lat' dir='ltr'>nemo</span> <span class='ocrx_word' id='word_1_49' title='bbox 275 2748 319 2792; x_wconf 87' lang='lat' dir='ltr'>ex</span> <span class='ocrx_word' id='word_1_50' title='bbox 331 2727 482 2814; x_wconf 92' lang='lat' dir='ltr'>antiquis</span> <span class='ocrx_word' id='word_1_51' title='bbox 493 2728 616 2814; x_wconf 90' lang='lat' dir='ltr'>posuit.</span> <span class='ocrx_word' id='word_1_52' title='bbox 642 2726 748 2793; x_wconf 84' lang='lat' dir='ltr'>Cuius</span> <span class='ocrx_word' id='word_1_53' title='bbox 770 2725 876 2794; x_wconf 83' lang='lat' dir='ltr'>verba</span> <span class='ocrx_word' id='word_1_54' title='bbox 888 2727 1072 2814; x_wconf 88' lang='lat' dir='ltr'>quominus</span> <span class='ocrx_word' id='word_1_55' title='bbox 1084 2748 1331 2816; x_wconf 88' lang='lat' dir='ltr'>nonnusquam</span> 
     </span>
     <span class='ocr_line' id='line_1_9' title="bbox 161 2839 1331 2929; baseline 0.003 -25"><span class='ocrx_word' id='word_1_56' title='bbox 161 2839 342 2925; x_wconf 91' lang='lat' dir='ltr'>paululum</span> <span class='ocrx_word' id='word_1_57' title='bbox 366 2841 519 2927; x_wconf 85' lang='lat' dir='ltr'>praecise</span> <span class='ocrx_word' id='word_1_58' title='bbox 542 2840 734 2907; x_wconf 81' lang='lat' dir='ltr'>describam</span> <span class='ocrx_word' id='word_1_59' title='bbox 756 2877 800 2888; x_wconf 95' lang='lat'>-</span> <span class='ocrx_word' id='word_1_60' title='bbox 824 2861 868 2905; x_wconf 83' lang='lat' dir='ltr'>ex</span> <span class='ocrx_word' id='word_1_61' title='bbox 890 2840 1045 2908; x_wconf 85' lang='lat' dir='ltr'>versione</span> <span class='ocrx_word' id='word_1_62' title='bbox 1070 2839 1204 2923; x_wconf 89' lang='lat' dir='ltr'>Latina,</span> <span class='ocrx_word' id='word_1_63' title='bbox 1224 2863 1331 2929; x_wconf 90' lang='lat' dir='ltr'>quam</span> 
     </span>
     <span class='ocr_line' id='line_1_10' title="bbox 161 2952 1329 3042; baseline 0.004 -25"><span class='ocrx_word' id='word_1_64' title='bbox 161 2953 268 3018; x_wconf 85' lang='lat' dir='ltr'>edidit</span> <span class='ocrx_word' id='word_1_65' title='bbox 291 2952 478 3020; x_wconf 83' lang='lat' dir='ltr'>Academia</span> <span class='ocrx_word' id='word_1_66' title='bbox 501 2955 596 3040; x_wconf 85' lang='lat' dir='ltr'>regia</span> <span class='ocrx_word' id='word_1_67' title='bbox 618 2953 799 3020; x_wconf 86' lang='lat' dir='ltr'>Borussica</span> <span class='ocrx_word' id='word_1_68' title='bbox 823 2953 967 3039; x_wconf 86' lang='lat' dir='ltr'>—mihi</span> <span class='ocrx_word' id='word_1_69' title='bbox 981 2959 1171 3040; x_wconf 89' lang='lat' dir='ltr'>temperare</span> <span class='ocrx_word' id='word_1_70' title='bbox 1184 2976 1329 3042; x_wconf 77' lang='lat' dir='ltr'>nequeo,</span> 
     </span>
    </p>
   </div>
   <div class='ocr_carea' id='block_1_4' title="bbox 161 3065 1331 3156">
    <p class='ocr_par' dir='ltr' id='par_1_4' title="bbox 161 3065 1331 3156">
     <span class='ocr_line' id='line_1_11' title="bbox 161 3065 1331 3156; baseline 0.003 -26"><span class='ocrx_word' id='word_1_71' title='bbox 161 3065 394 3133; x_wconf 88' lang='lat' dir='ltr'>Inveniuntur</span> <span class='ocrx_word' id='word_1_72' title='bbox 426 3067 464 3132; x_wconf 94' lang='lat' dir='ltr'>in</span> <span class='ocrx_word' id='word_1_73' title='bbox 488 3068 599 3156; x_wconf 92' lang='lat' dir='ltr'>primo</span> <span class='ocrx_word' id='word_1_74' title='bbox 621 3067 709 3133; x_wconf 92' lang='lat' dir='ltr'>libro</span> <span class='ocrx_word' id='word_1_75' title='bbox 735 3088 839 3154; x_wconf 92' lang='lat' dir='ltr'>quem</span> <span class='ocrx_word' id='word_1_76' title='bbox 862 3067 995 3152; x_wconf 88' lang='lat' dir='ltr'>scripsit</span> <span class='ocrx_word' id='word_1_77' title='bbox 1018 3066 1060 3132; x_wconf 92' lang='lat' dir='ltr'>de</span> <span class='ocrx_word' id='word_1_78' title='bbox 1083 3089 1119 3132; x_wconf 91' lang='lat' dir='ltr'>re</span> <span class='ocrx_word' id='word_1_79' title='bbox 1143 3067 1290 3154; x_wconf 87' lang='lat' dir='ltr'>publica.</span> <span class='ocrx_word' id='word_1_80' title='bbox 1304 3067 1331 3156; x_wconf 87' lang='lat'>¹)</span> 
     </span>
    </p>
   </div>
   <div class='ocr_carea' id='block_1_5' title="bbox 160 3180 1331 3418">
    <p class='ocr_par' dir='ltr' id='par_1_5' title="bbox 160 3180 1331 3418">
     <span class='ocr_line' id='line_1_12' title="bbox 203 3180 1324 3258; baseline 0.001 -21"><span class='ocrx_word' id='word_1_81' title='bbox 203 3180 348 3246; x_wconf 61' lang='lat' dir='ltr'>„Primum</span> <span class='ocrx_word' id='word_1_82' title='bbox 380 3181 551 3240; x_wconf 82' lang='lat' dir='ltr'>dubitaverit</span> <span class='ocrx_word' id='word_1_83' title='bbox 581 3181 685 3258; x_wconf 90' lang='lat' dir='ltr'>aliquis</span> <span class='ocrx_word' id='word_1_84' title='bbox 716 3187 810 3238; x_wconf 88' lang='lat' dir='ltr'>utrum</span> <span class='ocrx_word' id='word_1_85' title='bbox 842 3180 915 3237; x_wconf 89' lang='lat' dir='ltr'>ratio</span> <span class='ocrx_word' id='word_1_86' title='bbox 946 3180 1082 3257; x_wconf 84' lang='lat' dir='ltr'>pecuniae</span> <span class='ocrx_word' id='word_1_87' title='bbox 1104 3181 1280 3256; x_wconf 85' lang='lat' dir='ltr'>quaerendae</span> <span class='ocrx_word' id='word_1_88' title='bbox 1302 3183 1324 3255; x_wconf 80' lang='lat'>(‘</span> 
     </span>
     <span class='ocr_line' id='line_1_13' title="bbox 161 3259 1331 3338; baseline 0 -19"><span class='ocrx_word' id='word_1_89' title='bbox 161 3262 398 3338; x_wconf 68' lang='grc' dir='ltr'>χρηματιστικὴ)</span> <span class='ocrx_word' id='word_1_90' title='bbox 430 3262 528 3319; x_wconf 85' lang='lat' dir='ltr'>eadem</span> <span class='ocrx_word' id='word_1_91' title='bbox 549 3262 586 3320; x_wconf 89' lang='lat' dir='ltr'>sit</span> <span class='ocrx_word' id='word_1_92' title='bbox 606 3269 690 3338; x_wconf 84' lang='lat' dir='ltr'>atque</span> <span class='ocrx_word' id='word_1_93' title='bbox 711 3261 752 3318; x_wconf 87' lang='lat' dir='ltr'>rei</span> <span class='ocrx_word' id='word_1_94' title='bbox 776 3260 924 3318; x_wconf 84' lang='lat' dir='ltr'>familiaris</span> <span class='ocrx_word' id='word_1_95' title='bbox 944 3261 1066 3318; x_wconf 84' lang='lat' dir='ltr'>tuendae</span> <span class='ocrx_word' id='word_1_96' title='bbox 1086 3260 1158 3318; x_wconf 87' lang='lat' dir='ltr'>ratio</span> <span class='ocrx_word' id='word_1_97' title='bbox 1179 3261 1208 3335; x_wconf 81' lang='grc' dir='ltr'>(ἡ</span> <span class='ocrx_word' id='word_1_98' title='bbox 1227 3259 1331 3322; x_wconf 75' lang='grc' dir='ltr'>οἰκονο-</span> 
     </span>
     <span class='ocr_line' id='line_1_14' title="bbox 160 3339 874 3418; baseline -0.006 -16"><span class='ocrx_word' id='word_1_99' title='bbox 160 3341 252 3415; x_wconf 77' lang='grc' dir='ltr'><strong><em>μική),</em></strong></span> <span class='ocrx_word' id='word_1_100' title='bbox 275 3360 310 3398; x_wconf 82' lang='lat' dir='ltr'>an</span> <span class='ocrx_word' id='word_1_101' title='bbox 331 3361 396 3418; x_wconf 85' lang='lat' dir='ltr'>pars</span> <span class='ocrx_word' id='word_1_102' title='bbox 416 3342 519 3418; x_wconf 88' lang='lat' dir='ltr'>aliqua,</span> <span class='ocrx_word' id='word_1_103' title='bbox 541 3362 577 3400; x_wconf 89' lang='lat' dir='ltr'>an</span> <span class='ocrx_word' id='word_1_104' title='bbox 598 3343 659 3399; x_wconf 91' lang='lat' dir='ltr'>eius</span> <span class='ocrx_word' id='word_1_105' title='bbox 680 3339 874 3398; x_wconf 86' lang='lat' dir='ltr'>administra.&#39;&#39;</span> 
     </span>
    </p>
   </div>
   <div class='ocr_carea' id='block_1_6' title="bbox 160 3444 1330 3759">
    <p class='ocr_par' dir='ltr' id='par_1_6' title="bbox 160 3444 1330 3759">
     <span class='ocr_line' id='line_1_15' title="bbox 205 3444 1330 3512; baseline 0 -2"><span class='ocrx_word' id='word_1_106' title='bbox 205 3445 296 3510; x_wconf 82' lang='lat' dir='ltr'>Tum</span> <span class='ocrx_word' id='word_1_107' title='bbox 327 3445 475 3512; x_wconf 89' lang='lat' dir='ltr'>ostendit</span> <span class='ocrx_word' id='word_1_108' title='bbox 496 3467 566 3511; x_wconf 91' lang='lat' dir='ltr'>non</span> <span class='ocrx_word' id='word_1_109' title='bbox 588 3446 681 3511; x_wconf 89' lang='lat' dir='ltr'>idem</span> <span class='ocrx_word' id='word_1_110' title='bbox 705 3456 783 3511; x_wconf 89' lang='lat' dir='ltr'>esse</span> <span class='ocrx_word' id='word_1_111' title='bbox 798 3444 966 3510; x_wconf 84' lang='lat' dir='ltr'>rationem</span> <span class='ocrx_word' id='word_1_112' title='bbox 989 3444 1136 3510; x_wconf 87' lang='lat' dir='ltr'>tuendae</span> <span class='ocrx_word' id='word_1_113' title='bbox 1161 3445 1209 3510; x_wconf 89' lang='lat' dir='ltr'>rei</span> <span class='ocrx_word' id='word_1_114' title='bbox 1233 3445 1330 3510; x_wconf 88' lang='lat' dir='ltr'>fami-</span> 
     </span>
     <span class='ocr_line' id='line_1_16' title="bbox 160 3556 1330 3646; baseline 0.003 -25"><span class='ocrx_word' id='word_1_115' title='bbox 160 3556 254 3623; x_wconf 86' lang='lat' dir='ltr'>liaris</span> <span class='ocrx_word' id='word_1_116' title='bbox 288 3564 391 3645; x_wconf 87' lang='lat' dir='ltr'>atque</span> <span class='ocrx_word' id='word_1_117' title='bbox 427 3565 536 3625; x_wconf 89' lang='lat' dir='ltr'>artem</span> <span class='ocrx_word' id='word_1_118' title='bbox 566 3559 731 3646; x_wconf 88' lang='lat' dir='ltr'>pecuniae</span> <span class='ocrx_word' id='word_1_119' title='bbox 755 3558 990 3645; x_wconf 84' lang='lat' dir='ltr'>quaerendae:</span> <span class='ocrx_word' id='word_1_120' title='bbox 1015 3558 1119 3624; x_wconf 90' lang='lat' dir='ltr'>huius</span> <span class='ocrx_word' id='word_1_121' title='bbox 1142 3559 1236 3624; x_wconf 92' lang='lat' dir='ltr'>enim</span> <span class='ocrx_word' id='word_1_122' title='bbox 1260 3580 1330 3625; x_wconf 90' lang='lat' dir='ltr'>esse</span> 
     </span>
     <span class='ocr_line' id='line_1_17' title="bbox 161 3671 813 3759; baseline 0.003 -23"><span class='ocrx_word' id='word_1_123' title='bbox 161 3671 388 3758; x_wconf 88' lang='lat' dir='ltr'>suppeditare,</span> <span class='ocrx_word' id='word_1_124' title='bbox 412 3672 504 3738; x_wconf 90' lang='lat' dir='ltr'>illius</span> <span class='ocrx_word' id='word_1_125' title='bbox 527 3673 598 3754; x_wconf 90' lang='lat' dir='ltr'>uti;</span> <span class='ocrx_word' id='word_1_126' title='bbox 624 3679 658 3738; x_wconf 89' lang='lat' dir='ltr'>et</span> <span class='ocrx_word' id='word_1_127' title='bbox 680 3672 813 3759; x_wconf 82' lang='lat' dir='ltr'>pergit:</span> 
     </span>
    </p>
   </div>
   <div class='ocr_carea' id='block_1_7' title="bbox 162 3781 1331 3944">
    <p class='ocr_par' dir='ltr' id='par_1_7' title="bbox 162 3781 1331 3944">
     <span class='ocr_line' id='line_1_18' title="bbox 206 3781 1330 3863; baseline 0.004 -22"><span class='ocrx_word' id='word_1_128' title='bbox 206 3785 349 3853; x_wconf 69' lang='lat' dir='ltr'>„Vivendi</span> <span class='ocrx_word' id='word_1_129' title='bbox 381 3806 494 3861; x_wconf 85' lang='lat' dir='ltr'>genera,</span> <span class='ocrx_word' id='word_1_130' title='bbox 526 3805 597 3863; x_wconf 86' lang='lat' dir='ltr'>quae</span> <span class='ocrx_word' id='word_1_131' title='bbox 629 3786 745 3862; x_wconf 88' lang='lat' dir='ltr'>quidem</span> <span class='ocrx_word' id='word_1_132' title='bbox 776 3805 862 3862; x_wconf 88' lang='lat' dir='ltr'>opera</span> <span class='ocrx_word' id='word_1_133' title='bbox 892 3786 986 3843; x_wconf 86' lang='lat' dir='ltr'>nativa</span> <span class='ocrx_word' id='word_1_134' title='bbox 1007 3790 1137 3842; x_wconf 89' lang='lat' dir='ltr'>constent</span> <span class='ocrx_word' id='word_1_135' title='bbox 1157 3781 1330 3863; x_wconf 72' lang='grc' dir='ltr'>(αὐτόφυτον</span> 
     </span>
     <span class='ocr_line' id='line_1_19' title="bbox 162 3862 1331 3944; baseline 0.001 -21"><span class='ocrx_word' id='word_1_136' title='bbox 162 3862 263 3943; x_wconf 78' lang='grc' dir='ltr'><strong><em>ἔχουσι</em></strong></span> <span class='ocrx_word' id='word_1_137' title='bbox 283 3863 338 3930; x_wconf 75' lang='grc' dir='ltr'>τὴν</span> <span class='ocrx_word' id='word_1_138' title='bbox 358 3862 510 3940; x_wconf 72' lang='grc' dir='ltr'>ἐργασίαν)</span> <span class='ocrx_word' id='word_1_139' title='bbox 532 3873 560 3924; x_wconf 89' lang='lat' dir='ltr'>et</span> <span class='ocrx_word' id='word_1_140' title='bbox 579 3886 637 3923; x_wconf 91' lang='lat' dir='ltr'>non</span> <span class='ocrx_word' id='word_1_141' title='bbox 659 3867 864 3942; x_wconf 86' lang='lat' dir='ltr'>permutatione</span> <span class='ocrx_word' id='word_1_142' title='bbox 876 3873 923 3923; x_wconf 85' lang='lat' dir='ltr'>aut</span> <span class='ocrx_word' id='word_1_143' title='bbox 934 3865 1139 3941; x_wconf 86' lang='lat' dir='ltr'>cauponatione</span> <span class='ocrx_word' id='word_1_144' title='bbox 1151 3865 1255 3923; x_wconf 86' lang='lat' dir='ltr'>rictum</span> <span class='ocrx_word' id='word_1_145' title='bbox 1266 3887 1331 3944; x_wconf 89' lang='lat' dir='ltr'>sup-</span> 
     </span>
    </p>
   </div>
   <div class='ocr_carea' id='block_1_8' title="bbox 163 3945 1420 4023">
    <p class='ocr_par' dir='ltr' id='par_1_8' title="bbox 163 3945 1420 4023">
     <span class='ocr_line' id='line_1_20' title="bbox 163 3945 1420 4023; baseline 0 -21"><span class='ocrx_word' id='word_1_146' title='bbox 163 3945 302 4021; x_wconf 89' lang='lat' dir='ltr'>peditent,</span> <span class='ocrx_word' id='word_1_147' title='bbox 323 3946 392 4004; x_wconf 85' lang='lat' dir='ltr'>haec</span> <span class='ocrx_word' id='word_1_148' title='bbox 413 3946 471 4004; x_wconf 87' lang='lat' dir='ltr'>fere</span> <span class='ocrx_word' id='word_1_149' title='bbox 493 3953 566 4016; x_wconf 84' lang='lat' dir='ltr'>sunt,</span> <span class='ocrx_word' id='word_1_150' title='bbox 582 3946 753 4023; x_wconf 86' lang='lat' dir='ltr'>pecuarium,</span> <span class='ocrx_word' id='word_1_151' title='bbox 765 3946 795 4002; x_wconf 91' lang='lat' dir='ltr'>in</span> <span class='ocrx_word' id='word_1_152' title='bbox 807 3965 874 4020; x_wconf 85' lang='lat' dir='ltr'>agro</span> <span class='ocrx_word' id='word_1_153' title='bbox 886 3945 1005 4002; x_wconf 88' lang='lat' dir='ltr'>colendo</span> <span class='ocrx_word' id='word_1_154' title='bbox 1017 3952 1193 4022; x_wconf 80' lang='lat' dir='ltr'>occupatum,</span> <span class='ocrx_word' id='word_1_155' title='bbox 1205 3947 1235 4004; x_wconf 91' lang='lat' dir='ltr'>in</span> <span class='ocrx_word' id='word_1_156' title='bbox 1247 3948 1330 4005; x_wconf 88' lang='lat' dir='ltr'>latro·</span> <span class='ocrx_word' id='word_1_157' title='bbox 1418 3997 1420 4002; x_wconf 92' lang='lat'><em>.</em></span> 
     </span>
    </p>
   </div>
   <div class='ocr_carea' id='block_1_9' title="bbox 164 4025 1393 4104">
    <p class='ocr_par' dir='ltr' id='par_1_9' title="bbox 164 4025 1393 4104">
     <span class='ocr_line' id='line_1_21' title="bbox 164 4025 1393 4104; baseline 0.005 -23"><span class='ocrx_word' id='word_1_158' title='bbox 164 4025 289 4083; x_wconf 85' lang='lat' dir='ltr'>einaudo</span> <span class='ocrx_word' id='word_1_159' title='bbox 311 4025 444 4102; x_wconf 88' lang='lat' dir='ltr'>positum,</span> <span class='ocrx_word' id='word_1_160' title='bbox 466 4027 658 4103; x_wconf 82' lang='lat' dir='ltr'>piscatorium,</span> <span class='ocrx_word' id='word_1_161' title='bbox 681 4026 838 4084; x_wconf 84' lang='lat' dir='ltr'>veneticum</span> <span class='ocrx_word' id='word_1_162' title='bbox 861 4069 1017 4084; x_wconf 89' lang='grc'><strong>......</strong></span> <span class='ocrx_word' id='word_1_163' title='bbox 1039 4045 1095 4082; x_wconf 89' lang='lat' dir='ltr'>una</span> <span class='ocrx_word' id='word_1_164' title='bbox 1115 4025 1203 4101; x_wconf 78' lang='lat' dir='ltr'>igitur</span> <span class='ocrx_word' id='word_1_165' title='bbox 1223 4028 1332 4104; x_wconf 88' lang='lat' dir='ltr'>species</span> <span class='ocrx_word' id='word_1_166' title='bbox 1392 4037 1393 4041; x_wconf 77' lang='grc'>’</span> 
     </span>
    </p>
   </div>
   <div class='ocr_carea' id='block_1_10' title="bbox 168 4141 362 4156">
    <p class='ocr_par' dir='ltr' id='par_1_10' title="bbox 168 4141 362 4156">
     <span class='ocr_line' id='line_1_22' title="bbox 168 4141 362 4156; baseline 0.01 -2"><span class='ocrx_word' id='word_1_167' title='bbox 168 4141 362 4156; x_wconf 64' lang='lat' dir='ltr'>——n—</span> 
     </span>
    </p>
   </div>
   <div class='ocr_carea' id='block_1_11' title="bbox 179 4193 635 4262">
    <p class='ocr_par' dir='ltr' id='par_1_11' title="bbox 179 4193 635 4262">
     <span class='ocr_line' id='line_1_23' title="bbox 179 4193 635 4262; baseline -0.004 -16"><span class='ocrx_word' id='word_1_168' title='bbox 179 4193 201 4256; x_wconf 85' lang='lat'>¹)</span> <span class='ocrx_word' id='word_1_169' title='bbox 215 4196 293 4260; x_wconf 78' lang='lat' dir='ltr'>Caput</span> <span class='ocrx_word' id='word_1_170' title='bbox 310 4197 399 4254; x_wconf 82' lang='lat'>8-11,</span> <span class='ocrx_word' id='word_1_171' title='bbox 419 4213 470 4262; x_wconf 77' lang='lat' dir='ltr'>pag.</span> <span class='ocrx_word' id='word_1_172' title='bbox 489 4196 553 4245; x_wconf 78' lang='lat'>1256</span> <span class='ocrx_word' id='word_1_173' title='bbox 571 4211 635 4259; x_wconf 82' lang='lat' dir='ltr'>seqq.</span> 
     </span>
    </p>
   </div>
   <div class='ocr_carea' id='block_1_12' title="bbox 0 0 1642 4998">
    <p class='ocr_par' dir='ltr' id='par_1_12' title="bbox 0 0 1642 4998">
     <span class='ocr_line' id='line_1_24' title="bbox 0 0 1642 4998; baseline 0 0"><span class='ocrx_word' id='word_1_174' title='bbox 0 0 1642 4998; x_wconf 95' lang='lat' dir='ltr'> </span> 
     </span>
    </p>
   </div>
  </div>
 </body>
</html>
