3296 5008
705 481 768 547 201

195 661 309 727 Nerva
332 659 467 748 pietatis
489 681 569 726 suae
591 658 760 726 illustrem
782 658 947 726 heredem
965 657 1087 726 habuit
1109 658 1221 726 filium
1232 659 1315 727 Tra·

151 773 279 856 ianum,
311 773 372 862 qui
394 773 549 860 inceptae
574 773 621 839 rei
645 778 740 839 tauto
767 793 848 839 cum
871 771 994 854 studia,
1018 777 1114 840 tanta
1136 793 1217 839 cum
1240 793 1326 839 cons·

151 887 273 953 stantia
308 908 343 953 se
378 886 520 968 addixit,
556 892 595 952 ut
621 885 713 951 illius
740 907 819 953 vere
843 891 962 952 auctor
984 885 1169 954 habendus
1187 887 1240 954 sit.
1268 886 1321 953 'Is

151 1000 239 1066 enim
266 1021 329 1066 nec
352 1000 483 1067 Rornae
508 999 609 1066 saluti
621 1000 737 1066 deerat
749 1006 783 1066 et
793 987 912 1066 Italiae
926 1000 1163 1088 prospiciebat.
1188 1000 1319 1067 Romae

150 1134 336 1200 puerorum
360 1113 601 1201 paulominus
625 1113 778 1200 quinque
803 1112 899 1179 milia
922 1115 1153 1200 ingenuorum
1178 1113 1319 1182 alimen·

150 1233 262 1293 torum
286 1225 452 1294 beneficio
475 1227 581 1309 auxit,
608 1249 714 1314 quem
736 1226 977 1294 liberalitatem
1000 1228 1135 1314 egregie
1158 1226 1319 1295 describit

150 1315 587 1427 Pliniusin‘Panegyrico.
609 1337 635 1428 ¹)
681 1341 839 1414 Narratio
861 1340 1062 1427 dignissima
1085 1347 1235 1429 estquae
1249 1347 1320 1409 tota

151 1453 346 1540 perlegatur
357 1476 366 1536 ;
391 1454 530 1520 initium
555 1455 611 1521 hio
635 1454 793 1526 inseram.
822 1454 1059 1536 „Adventante
1083 1455 1316 1542 congiariidie

152 1568 332 1637 observare
360 1569 523 1656 principis
547 1590 721 1654 egressum
744 1569 781 1638 in
794 1567 982 1656 publicum,
995 1569 1142 1638 insidere
1157 1569 1228 1637 vias
1239 1591 1320 1637 exa·

150 1683 245 1748 mina
273 1681 460 1748 infantium
483 1681 684 1770 futurusque
709 1682 857 1770 populus
880 1683 1018 1751 solebat.
1065 1683 1178 1752 Labor
1200 1705 1321 1772 paren·

150 1795 241 1862 tibus
276 1801 350 1863 eret·
383 1801 551 1864 ostentare
587 1795 748 1884 parvulos
770 1797 1003 1891 inpositosque
1025 1797 1215 1866 cervicibus
1238 1797 1321 1865 adu·

150 1909 259 1976 lantia
282 1909 389 1978 verba
411 1909 621 1997 blandasque
645 1931 745 1978 voces
768 1910 929 1982 edocere:
957 1911 1146 1979 reddebant
1167 1911 1219 1979 illi
1232 1933 1319 2000 quae

151 2022 386 2090 monebantar.
432 2023 485 2090 Ao
519 2023 672 2111 plerique
706 2024 818 2091 inritis
841 2025 998 2112 precibus
1021 2025 1140 2092 surdas
1158 2025 1322 2114 principis

149 2159 249 2208 aures
277 2136 527 2224 obstrepebant,
550 2137 730 2225 ignarique
756 2138 839 2226 quid
863 2145 1046 2226 rogassent,
1071 2139 1155 2226 quid
1178 2161 1247 2206 non
1270 2139 1320 2206 in·

149 2257 349 2339 petressent,
389 2251 497 2318 donec
530 2250 632 2338 plane
667 2253 802 2334 scirent,
841 2251 1119 2320 differebantur.''
1165 2254 1256 2320 Tum
1282 2253 1321 2320 in

148 2366 339 2433 Traianum
375 2386 568 2432 sermonem
602 2372 824 2433 convertens:
864 2367 935 2448 ,Tu
967 2388 1010 2433 ne
1045 2367 1157 2452 rogari
1180 2367 1321 2455 quidem

148 2477 371 2561 sustinuisti,''
407 2479 527 2566 pergit,
559 2485 612 2560 ,et
636 2501 848 2567 quamquam
876 2480 1101 2547 laetissimum
1124 2481 1231 2548 oculis
1253 2481 1322 2548 tuis

149 2598 237 2660 esset
260 2599 443 2684 conspectu
466 2593 643 2660 Romanae
667 2593 791 2660 sobolis
813 2594 949 2682 inpleri,
974 2616 1093 2661 omnes
1110 2601 1318 2663 tamenante

79 2714 82 2723 '
149 2728 256 2794 quarn
292 2712 325 2774 te
357 2706 513 2774 viderent
547 2707 723 2775 adirentve
759 2708 864 2795 recipi
898 2709 1004 2776 incidi
1027 2709 1162 2791 iussisti,
1188 2714 1228 2775 ut
1250 2708 1321 2776 iam

148 2821 230 2887 inde
266 2818 309 2887 ab
343 2821 489 2887 infantia
524 2829 701 2908 parentem
736 2820 914 2909 publicum
944 2845 1087 2890 munere
1111 2823 1322 2890 educationis
1374 2871 1377 2875 -

150 2935 400 3022 experirentur,
428 2942 617 3002 crescerent
642 2935 683 3002 de
707 2941 767 3002 tuo
791 2937 852 3023 qui
874 2943 1062 3004 crescerent
1085 2936 1157 3020 tibi,
1181 2937 1322 3005 alimen·

150 3049 263 3135 tisque
293 3049 361 3114 tuis
383 3049 430 3115 ad
453 3049 623 3136 stipendia
644 3055 703 3116 tua
725 3050 954 3137 pervenirent,
975 3057 1179 3140 tantumque
1203 3073 1327 3120 omnes.

153 3312 169 3360 9
193 3313 267 3376 seqq.)
293 3311 443 3377 ,complures
468 3311 542 3374 (illos)
559 3311 622 3361 viros
639 3311 776 3362 auctoritate
796 3313 896 3362 minime
913 3313 1059 3378 spernende”
1077 3315 1171 3373 refutet,
1189 3331 1217 3380 „e
1234 3315 1322 3381 quibus

152 3393 313 3443 Muratoriunr
339 3395 465 3457 nomin(et)
481 3395 615 3460 (symbolae
631 3395 678 3446 litt.
696 3396 799 3448 Floreat.
817 3397 865 3448 vol.
886 3397 912 3456 V,
929 3413 953 3463 p.
972 3396 1037 3457 11),”
1055 3397 1097 3462 qui
1116 3403 1201 3462 negent
1219 3399 1322 3450 Nervam

155 3477 221 3541 ,eius
245 3477 349 3527 instituti
367 3478 520 3528 fundamenta
536 3479 625 3536 iecisse,
649 3479 744 3529 silentio
761 3481 884 3546 praecipue
901 3481 977 3530 Cassii
995 3480 1080 3530 Dionis
1097 3482 1126 3532 ed
1143 3481 1211 3532 illem
1229 3487 1321 3534 senten

153 3561 212 3609 tiam
240 3559 378 3623 edduetli).'’
414 3561 495 3626 „Quin
513 3563 576 3611 haud
593 3562 666 3621 scio,”
683 3563 771 3627 inquit,
786 3580 832 3629 ,en
848 3565 877 3613 ad
894 3564 945 3628 ipse
962 3563 1074 3614 alimenta
1091 3565 1232 3630 pertinuerit
1248 3565 1324 3630 legate

154 3643 283 3708 accipiendi
310 3643 355 3702 ius,
381 3644 520 3708 municipiis
541 3644 569 3694 ab
592 3645 733 3710 imperatore
758 3645 803 3696 illo
827 3663 963 3697 conoeseum
983 3683 1086 3697 .....
1104 3651 1240 3713 'Antequam
1259 3649 1324 3698 eninr

155 3727 192 3775 ius
208 3726 271 3776 illud
289 3727 424 3777 civitatibus
442 3743 578 3777 conoessum
595 3733 662 3787 esset,
680 3730 708 3778 de
724 3729 893 3780 alimentorum
909 3731 1066 3787 institutione,
1084 3731 1178 3792 qualem
1195 3748 1223 3780 ex
1240 3732 1324 3781 inseri·

155 3810 277 3874 ptionibus
293 3811 367 3860 fuisse
384 3827 435 3860 eam
452 3811 570 3869 novimus,
589 3812 628 3860 vir
645 3813 741 3876 cogitari
759 3813 861 3876 potuit.'’
895 3815 930 3863 De
943 3815 995 3864 iure
1012 3814 1057 3863 illo
1071 3815 1125 3864 ride
1133 3815 1233 3881 Ulpiani
1241 3816 1325 3880 fragm.

155 3894 194 3952 24,
214 3894 245 3942 28
255 3913 262 3952 ;
284 3893 445 3958 ,Ciuitatibus
464 3895 582 3952 omnibns,
599 3911 658 3960 quse
675 3895 719 3944 sub
736 3895 835 3960 imperio
853 3898 935 3962 populi
954 3899 1054 3948 Romani
1072 3903 1136 3957 sunt,
1154 3899 1226 3963 legari
1235 3901 1325 3964 poteet3

155 3978 226 4041 idque
244 3993 257 4026 a
274 3977 331 4026 diuo
350 3977 429 4026 Nerua
445 3977 615 4034 introductum,
633 3983 712 4042 postea
728 3995 741 4027 e
759 3984 840 4029 senatu
857 3984 950 4030 auctore
967 3982 1090 4031 Hadriano
1109 3981 1249 4046 diligentins
1270 3997 1325 4032 oon·

155 4061 265 4109 stitutum
284 4060 342 4110 est.'¹
378 4061 414 4110 Of.
433 4061 504 4110 etiem
521 4061 575 4126 Dig.
594 4062 668 4120 XXX,
687 4062 750 4120 ll'l;
769 4062 825 4112 122.

191 4145 211 4204 ¹)
247 4143 304 4208 Cep.
323 4143 354 4192 26
373 4161 436 4209 seqq.
454 4143 542 4192 Eodem
560 4145 673 4210 respicere
691 4145 802 4194 ridentur
818 4145 874 4194 haec
891 4146 962 4197 verbe
978 4164 1005 4197 ex
1023 4148 1080 4214 Cep
1099 4149 1148 4199 51:
1164 4148 1327 4215 „Populqcni

156 4227 379 4292 lnrnrumquinque
397 4227 465 4277 milia
481 4226 604 4276 adiecisti*
625 4254 656 4264 -
675 4228 704 4277 de
721 4227 808 4292 quibus
825 4228 904 4279 verbis
920 4229 996 4280 dicam
1013 4247 1065 4296 pag.
1084 4232 1131 4282 211
1149 4233 1204 4282 adn.
1222 4232 1245 4283 l.

1198 4324 1241 4392 14
