3226 4998
755 438 796 500 55

181 612 358 699 impendio
381 613 511 694 vivens,
538 634 624 700 quae
648 635 691 678 ne
716 616 832 680 omnia
856 617 1016 682 misceret
1040 614 1259 699 magistratus
1284 633 1357 699 per-

182 733 285 812 petuo
308 726 517 808 metuebant,
542 749 605 792 nec
622 749 692 792 non
704 729 785 814 ipsis
798 729 1001 794 Caesaribus
1015 727 1268 814 quodammodo
1282 731 1354 791 erat

139 860 144 868 ·
184 839 363 925 potentior.
399 839 502 904 Atia
524 839 624 905 ltalia
647 841 773 926 passim
797 849 911 908 tantae
932 841 1131 908 solitudines
1143 846 1248 921 erant,
1262 845 1300 904 ut
1313 839 1354 904 de

182 959 272 1017 statu
295 953 441 1018 civitatis
465 952 599 1018 solliciti
623 955 978 1040 essentimperatores.
994 954 1018 1041 1)
1043 953 1237 1020 Accedebat
1250 952 1351 1040 quod,

182 1087 267 1158 cum
284 1065 421 1152 imperii
444 1067 528 1132 fines
552 1089 752 1153 promovere
777 1069 929 1134 Romani
952 1068 1156 1147 desinerent,
1182 1067 1251 1153 ipsi
1264 1067 1356 1132 servi

182 1179 291 1244 multo
315 1179 430 1244 minus
453 1181 649 1268 frequentes
675 1181 810 1247 uenales
833 1181 1122 1268 producebantur.
1148 1179 1251 1257 Quod
1274 1179 1356 1245 licet

182 1292 298 1379 aliqua
321 1315 364 1358 ex
387 1300 483 1380 parte
506 1295 556 1359 rei
574 1294 730 1380 publicae
748 1317 818 1360 non
830 1295 951 1360 inutile
965 1301 1060 1375 esset,
1078 1300 1196 1359 tamen
1208 1291 1357 1358 habebat

180 1406 245 1472 hoc
269 1407 410 1488 malum,
439 1408 532 1494 quod
556 1409 616 1495 qui
641 1431 739 1494 agros
763 1409 915 1475 colerent
938 1408 1084 1473 deficere
1109 1412 1304 1493 coeperunt.
1330 1405 1356 1493 Β)

182 1520 345 1586 Veterani
368 1528 493 1602 autem,
519 1521 578 1608 qui
603 1521 837 1602 mittebantur,
866 1528 1086 1602 ,nontamen
1103 1520 1353 1606 infrequentiae

181 1631 335 1699 locorum
370 1633 559 1701 subvenere
581 1686 781 1702 ........
806 1657 918 1722 neque
942 1635 1109 1720 coniugiis
1132 1633 1355 1720 suscipiendis

181 1768 293 1833 neque
317 1747 448 1812 alendis
470 1748 585 1814 liberis
606 1749 693 1814 sueti
706 1749 888 1814 orbassine
902 1747 1356 1835 posterisdomosrelinque·

181 1859 295 1926 bant.''
309 1859 336 1948 ³)
359 1861 475 1926 Rebus
492 1863 540 1927 ita
557 1885 590 1928 se
603 1862 810 1928 habentibus
821 1863 917 1928 facile
930 1861 1162 1946 intellegimus
1175 1861 1356 1947 imperato·

181 1995 234 2040 res
256 1959 294 2038 in
316 1974 412 2041 illam
435 1976 617 2062 praecipue
640 1998 759 2042 curam
770 1977 974 2058 incubuisse,
988 1983 1027 2040 ut
1038 1982 1072 2040 et
1084 1974 1192 2061 pubes
1202 1974 1354 2059 ingenua

180 2089 375 2173 proveniret
398 2096 432 2154 et
454 2090 590 2155 cadenti
613 2091 686 2174 agri
704 2090 857 2156 culturae
870 2088 1119 2156 subveniretur.
1143 2088 1229 2154 Iade
1242 2109 1352 2154 novae

181 2222 342 2286 agrorum
365 2204 659 2288 procurandorum
683 2205 840 2269 rationes
866 2202 1065 2268 Latifundia
1088 2200 1352 2268 conductoribus

176 2315 322 2380 colenda
356 2317 589 2398 tradebantur,
619 2318 675 2384 vel
697 2319 734 2382 in
758 2339 881 2404 parvas
905 2322 1017 2403 partes
1041 2315 1151 2382 divise.
1173 2315 1210 2380 in
1233 2336 1351 2402 perpe·
1414 2327 1416 2331 '

180 2435 281 2494 tuum
302 2429 503 2517 locabantur
527 2430 664 2496 colonis.
690 2432 715 2513 4)

223 2542 290 2620 Sed
308 2542 351 2608 ad
374 2543 496 2608 urbem
519 2544 667 2610 Romam
690 2545 905 2610 redeundum
928 2550 986 2624 est,
1001 2549 1034 2608 et
1045 2548 1227 2629 postquam
1239 2562 1349 2628 pauca

179 2657 376 2722 monuimus
399 2658 440 2722 de
460 2658 657 2742 ingentibus
681 2658 808 2725 divitiis
832 2657 1088 2738 nonnullorum,
1115 2656 1348 2742 quosfortuna

178 2777 312 2854 praeter
347 2771 430 2837 alios
453 2772 633 2858 complexa
656 2779 737 2853 erat,
763 2793 856 2836 nunc
879 2771 1009 2836 iamin
1032 2770 1171 2849 infimae
1192 2768 1348 2856 plebecu-

177 2882 229 2948 lae
253 2884 340 2950 vitas
363 2885 529 2972 inspicere
554 2908 727 2951 conemur.
752 2885 950 2951 Dolendum
972 2891 1022 2950 est
1046 2883 1138 2970 quod
1162 2882 1255 2968 apud
1271 2881 1348 2947 scri-

178 3003 289 3082 ptores
313 3020 383 3063 non
406 2999 471 3063 nisi
494 2999 612 3066 brevia
636 3000 806 3086 quaedam
829 2999 973 3082 vestigia
996 2997 1230 3077 inveniuntur,
1255 2995 1347 3060 unde

214 3242 230 3302 ¹)
247 3243 283 3292 Ci.
302 3243 381 3292 locum
399 3261 427 3294 ex
444 3246 513 3294 Livio
531 3247 581 3306 (Vl,
601 3246 639 3302 12,
659 3247 682 3306 5)
700 3262 770 3309 quem
787 3261 858 3308 supra
875 3247 935 3308 (pag.
953 3243 995 3304 49)
1013 3243 1118 3292 laudavi.

211 3325 229 3384 2)
247 3326 282 3374 Of.
301 3327 357 3375 Max
374 3328 466 3385 Weber,
486 3331 553 3376 Rom,
574 3330 734 3392 Agrargesch,
751 3345 802 3392 pag.
822 3328 883 3384 242;
901 3329 928 3375 ll.
939 3325 1345 3390 Meyer,Wirtschaftl.Eutwiclrel.

177 3408 199 3455 d.
218 3407 311 3465 Alteri,
330 3427 380 3472 pag.
401 3413 430 3458 55
453 3428 515 3474 seqq.
610 3401 614 3408 ’
1308 3455 1309 3460 ,

209 3490 229 3550 ³)
247 3491 299 3539 Tac.
326 3494 389 3540 Anu.
418 3494 480 3550 XIV,
508 3494 547 3544 27.
575 3495 610 3542 Ol.
629 3495 699 3542 etiam
717 3495 770 3542 Lib.
789 3495 814 3541 lI
833 3495 910 3556 Caput
928 3487 955 3540 d'e
973 3494 1091 3554 Agrorum
1108 3490 1307 3554 assignationibus
1324 3493 1347 3538 et

179 3573 206 3629 de
223 3573 337 3623 Coloniis

210 3657 229 3716 ⁴)
247 3657 283 3704 cf.
302 3657 372 3722 Voigt
390 3661 415 3706 in
434 3659 474 3706 lw.
493 3677 515 3708 v.
535 3661 569 3708 M.
580 3661 598 3707 's
616 3660 710 3708 Haudb.
729 3660 769 3717 IV,
788 3660 821 3717 2²,
840 3676 890 3724 pag.
910 3659 958 3707 434
976 3675 1023 3722 seq.
1037 3656 1184 3706 Vocabulum
1192 3674 1214 3720 q.
1225 3673 1243 3704 e.
1254 3659 1351 3705 colonus

177 3740 281 3788 diversos
299 3741 432 3790 intellectus
449 3738 525 3792 babet.
544 3744 592 3806 Qui
611 3744 735 3792 Caesarum
753 3743 897 3807 temporibus
915 3743 948 3790 ita
965 3740 1151 3805 appellabantur,
1161 3739 1275 3803 agricolae
1284 3746 1351 3789 erant

178 3822 223 3884 ipsi
242 3822 318 3881 liberi,
328 3823 458 3888 licebatque
467 3826 497 3874 iis
507 3826 589 3874 habere
598 3843 645 3874 rem
656 3826 804 3884 familiarem,
814 3825 908 3889 glaebae
916 3830 994 3873 tamen
1005 3840 1059 3870 cum
1068 3823 1177 3887 progenie
1185 3823 1349 3872 adhaerebant.

179 3904 214 3952 Os.
233 3905 289 3954 Max
307 3907 391 3955 Weber
409 3908 425 3955 l.
436 3908 452 3956 l.
471 3925 521 3973 pag.
541 3909 604 3956 250:
625 3909 805 3973 „l‘halsiichlich
823 3909 877 3956 sind
894 3908 931 3955 dio
949 3906 1054 3954 Colonen
1072 3905 1213 3954 erblichauf
1222 3907 1276 3954 dem
1289 3907 1350 3955 Gute

178 3987 286 4045 sitzende,
313 3991 428 4038 zwisehen
455 3991 549 4039 lleineu
577 3993 668 4039 Banern
695 3993 745 4040 aad
770 3991 932 4054 Tageliihuern
959 3989 1073 4054 ungafahr
1090 3989 1128 4036 die
1145 3989 1348 4048 alienaealienae,

178 4069 308 4135 abhingige
325 4073 481 4122 Laudwirte.''
500 4075 642 4134 Mommsen,
661 4077 743 4124 Decret
760 4077 799 4123 des
817 4075 967 4131 Commodus,
986 4074 1011 4122 in
1029 4074 1128 4122 Hermes
1146 4073 1196 4132 XV,
1214 4090 1266 4138 pag.
1284 4073 1348 4122 410:

179 4153 251 4217 „illes
278 4160 383 4222 spiteran
410 4157 531 4217 Colonen,l
558 4159 599 4206 der
617 4159 652 4206 bei
671 4159 830 4225 persoulicher
847 4159 950 4207 Freiheit
966 4174 995 4206 an
1014 4158 1051 4206 die
1066 4157 1161 4218 ¹Schelle
1178 4157 1301 4220 gebunden
1319 4157 1349 4204 ist
