3274 4998
848 524 911 588 186

288 707 471 794 separatim
494 705 622 791 legavit
645 704 801 772 vicorum
826 700 1005 786 magistris.
1042 699 1112 766 Vix
1136 699 1229 765 enirn
1249 697 1461 765 credendum

288 823 326 939 irp
349 821 503 907 ipsorum
525 817 708 884 utilitatem
731 816 866 882 cessisse
890 813 974 879 illud
996 813 1159 898 legatum.
1181 812 1210 900 1)

287 1041 337 1072 csse
353 1027 536 1072 consentaneum
553 1025 643 1086 putant.
678 1021 730 1068 Scio
747 1019 857 1083 equidem
874 1017 1004 1066 nonnullos
1022 1017 1085 1065 locos
1102 1017 1199 1080 reperiri
1216 1017 1279 1080 apud
1296 1017 1461 1067 iurisconsul-

288 1112 324 1157 tos
350 1105 436 1171 quibus
462 1122 504 1170 pro
526 1108 618 1170 populo
643 1105 724 1169 reponi
742 1103 798 1151 licet
814 1102 940 1160 marium,
959 1105 985 1150 nt
1003 1101 1057 1149 Gaii
1074 1100 1154 1149 lnstit.
1172 1100 1205 1157 11,
1224 1100 1289 1149 15οι
1308 1101 1384 1165 „Lege
1401 1101 1463 1150 bona

289 1190 376 1238 caduca
400 1190 461 1238 fiunt
483 1192 505 1236 et
527 1187 556 1237 nd
578 1187 694 1253 populum
711 1186 795 1235 deterri
813 1186 933 1240 iubentur,
952 1185 973 1232 si
991 1184 1100 1232 destructo
1118 1200 1186 1232 nemo
1204 1183 1278 1232 Ἰισνει
1294 1186 1335 1233 uel
1351 1185 1462 1234 bonorum

284 1289 408 1338 possessor
423 1273 480 1322 etf’
498 1300 529 1310 -
548 1271 626 1321 286⁸:
643 1272 739 1336 „ltaque
755 1268 867 1318 translata
884 1273 940 1316 sunt
957 1269 985 1316 ad
1003 1284 1049 1326 eos,
1066 1268 1108 1331 qui
1126 1268 1161 1328 (ia
1178 1269 1215 1328 eo)
1228 1271 1367 1318 testamento
1376 1268 1464 1318 liberos

290 1357 385 1414 habent,
409 1361 449 1404 ant
476 1356 496 1403 si
522 1349 604 1403 nullus
624 1355 710 1402 liberos
727 1352 830 1410 habebit,
847 1351 876 1399 ad
893 1350 1017 1415 populum,
1035 1350 1105 1398 sicuti
1123 1350 1184 1398 iuris
1201 1355 1236 1398 est
1254 1351 1280 1398 iu
1297 1350 1380 1414 legatia
1397 1357 1420 1401 et
1437 1353 1464 1401 in

290 1438 492 1488 'hereditatibus’'
527 1439 563 1486 cf.
581 1439 651 1486 etiarn
669 1437 766 1500 Ulpiani
785 1436 867 1498 fragm.
886 1435 925 1492 28,
945 1434 976 1490 7;
991 1433 1071 1481 Paulli
1090 1437 1148 1482 sent.
1167 1432 1194 1490 V,
1211 1433 1249 1482 12.
1285 1435 1317 1482 At
1325 1435 1351 1482 in
1360 1437 1465 1499 Augusti

291 1523 367 1586 legato
392 1521 421 1569 de
446 1521 534 1569 aerario
560 1521 656 1583 cogitari
683 1523 762 1568 vetant
783 1517 868 1566 Dionis
892 1516 961 1564 uerba
978 1520 1001 1565 et
1018 1517 1081 1564 Suet.
1098 1515 1152 1564 Tib.
1171 1517 1201 1567 57
1219 1516 1249 1564 ad
1265 1517 1344 1564 eadem
1362 1519 1466 1581 Augusti

292 1605 367 1668 legata
383 1605 534 1668 pertinentia.
569 1603 615 1651 Dio
631 1603 702 1664 (LVI,
721 1603 760 1658 32,
779 1603 819 1659 2):
844 1600 1035 1673 ,κληρονόμοι
1055 1595 1110 1670 μὲν
1125 1589 1458 1679 δὴοῦτοιὲγεγρὰφατσ

292 1697 438 1771 κτήματα
458 1692 491 1754 δὲ
510 1693 559 1756 καὶ
579 1695 725 1772 χρήματα
746 1693 849 1753 πολλοὶ
870 1699 994 1762 πολλοῖς
1014 1695 1063 1757 καὶ
1083 1702 1141 1753 τῶν
1157 1696 1368 1768 προσηκόντων
1382 1697 1466 1758 οἱκαὶ

293 1799 352 1850 τῶν
372 1791 547 1865 ἀλλοτρίων,
569 1788 625 1870 οὐχ
645 1789 724 1860 ὅπως
743 1789 918 1863 βουλευταῖς
931 1791 979 1854 καὶ
994 1795 1130 1850 ἱππεῦσιν
1140 1789 1221 1850 ἀλλὰ
1233 1791 1282 1854 καὶ
1292 1791 1463 1867 βασιλεῦσι,

294 1895 337 1964 τῷ
357 1908 391 1946 τε
412 1887 496 1964 δήμῳ
518 1890 617 1966 χιλίας
637 1888 791 1963 μυριάδας,
813 1891 862 1950 καὶ
882 1897 943 1957 τοῖς
957 1889 1155 1961 στρατιώταις
1165 1897 1226 1956 τοῖς
1236 1883 1292 1964 μὲν
1303 1888 1466 1968 δορυφόροις

294 2002 314 2033 e.
340 2001 363 2048 q.
389 1984 425 2032 s.''
460 1984 495 2032 De
520 1983 628 2032 tribuum
653 1983 728 2048 legato
754 1985 817 2032 nihil
834 1985 896 2048 apud
914 1985 1031 2042 Dionem;
1049 1986 1144 2033 fortasse
1162 1985 1212 2049 ipse
1229 1985 1327 2042 addidit,
1344 2002 1466 2050 excerpere

295 2067 397 2131 neglexit
413 2066 562 2131 Xiphilinns.
579 2067 626 2129 (Ol.
643 2067 780 2116 Boissevain
794 2068 823 2116 ad
841 2067 865 2116 h.
884 2067 910 2120 tt
928 2070 1049 2131 Augustus
1067 2068 1139 2130 igitur
1157 2072 1291 2132 prosecutus
1300 2085 1350 2117 esse
1358 2075 1468 2118 narratur

294 2148 472 2222 βουλευτὰς,
494 2149 614 2222 ἱππέας,
635 2149 794 2223 βασιλέας,
817 2148 869 2209 τὸν
889 2151 995 2226 δῆμον,
1018 2149 1086 2219 τοὺς
1106 2152 1305 2225 στρατιώτας.
1343 2154 1405 2218 Quis
1423 2155 1468 2204 erit

295 2247 336 2310 qui
362 2247 418 2295 haec
443 2247 522 2310 legens
547 2247 664 2294 aerarium
690 2246 813 2294 inculcet?
847 2247 910 2295 Suet.
937 2247 990 2294 Tib.
1019 2248 1049 2299 57
1068 2253 1195 2310 utrumque
1211 2251 1234 2296 et
1251 2247 1333 2312 populi
1351 2251 1374 2295 ct
1391 2245 1468 2310 plebis

294 2317 398 2392 legatum
432 2331 572 2393 coniungere
607 2330 712 2377 videtur:
757 2330 888 2393 „Scurram,
923 2331 964 2393 qui
995 2334 1155 2394 praetereunte
1180 2331 1262 2378 funere
1288 2329 1350 2378 clare
1375 2333 1469 2377 mortuo

296 2413 425 2470 mandarat,
460 2417 487 2462 ut
522 2413 641 2460 nuntiaret
676 2414 791 2475 Augusto,
818 2413 919 2460 wadum
942 2413 1012 2461 reddi
1037 2415 1116 2476 legata
1140 2429 1200 2477 quae
1225 2413 1303 2476 plebei
1327 2412 1469 2475 reliquisset,

295 2496 424 2544 adtractum
450 2495 479 2544 ad
505 2513 529 2544 se
554 2496 655 2559 recipere
676 2496 782 2544 debitum
806 2497 907 2559 ducique
932 2497 960 2544 ad
986 2496 1131 2561 supplicium
1158 2497 1291 2560 imperavit,
1308 2499 1330 2544 et
1345 2495 1406 2559 patri
1427 2511 1469 2543 suo

297 2595 378 2627 verum
410 2579 519 2626 reterrc.’'
563 2578 625 2626 Addi
651 2582 726 2642 potest
753 2579 818 2626 Plin.
847 2579 932 2642 Paneg.
961 2580 1001 2636 25,
1030 2579 1079 2636 uhi,
1107 2584 1133 2628 ut
1159 2580 1221 2628 Suet.
1249 2581 1311 2642 Aug.
1338 2579 1395 2635 101,
1423 2594 1470 2626 una

297 2666 476 2710 commemorata
501 2661 603 2724 legimus
628 2662 703 2710 tribua
728 2666 751 2709 et
772 2663 901 2726 populum:
930 2663 999 2726 ,Nisi
1026 2679 1080 2710 vero
1106 2662 1189 2710 leviter
1207 2663 1291 2726 attingi
1310 2662 1387 2726 placet
1404 2661 1469 2709 locu·

297 2746 394 2810 pletatas
420 2746 495 2794 tribus
516 2747 644 2810 datumque
672 2746 818 2809 congiarium
844 2746 939 2810 populo,
966 2750 989 2795 et
1018 2747 1099 2795 datum
1117 2751 1201 2804 totum,
1219 2763 1274 2795 curn
1291 2746 1397 2794 donativi
1415 2761 1468 2810 par·

298 2833 345 2877 tem
368 2828 457 2877 milites
473 2829 641 2892 accepissent.''
676 2829 701 2876 Si
719 2829 758 2877 hie
775 2845 868 2892 quoque
885 2845 927 2893 pro
941 2832 1033 2893 populo
1050 2829 1178 2878 substituas
1195 2831 1323 2887 aerarium,
1341 2829 1469 2876 Traianum

298 2912 393 2960 aerario
418 2912 564 2975 congiarium
591 2912 653 2960 illud
674 2913 763 2960 dedisse
781 2914 900 2975 seqnitur!
936 2913 980 2974 (De
997 2913 1041 2960 hoo
1059 2913 1217 2977 locoplcnius
1233 2929 1301 2976 agam
1318 2913 1345 2960 in
1362 2912 1469 2976 proximo

298 2995 391 3057 capite.)
418 3021 448 3030 —
476 2993 526 3041 Neo
553 2995 628 3057 magis
646 2995 721 3058 placet
742 2995 837 3052 solutio,
855 3011 924 3058 quarn
943 2995 989 3058 legi
1007 2997 1069 3058 apud
1084 2995 1192 3044 Karlowa
1209 2996 1287 3056 (Rom.
1305 2995 1469 3058 Rechtsgesch.

298 3079 310 3125 Ι
334 3095 385 3141 pag.
405 3079 453 3124 554
470 3081 543 3140 seq.):
563 3078 654 3140 „Wenn
672 3078 708 3125 bei
727 3078 894 3142 Verteilungen
913 3095 956 3125 von
976 3079 1083 3127 Getrcide
1102 3096 1125 3126 u.
1143 3079 1190 3142 dgl.
1205 3081 1312 3142 populus
1329 3079 1378 3126 nnd
1396 3077 1470 3126 tribua

298 3161 410 3208 einander
434 3163 633 3224 entgegengesetzt
660 3162 757 3215 werden,
775 3178 800 3208 so
818 3161 925 3210 bedeutet
940 3163 1043 3225 populus
1059 3162 1097 3210 die
1115 3162 1255 3210 stmtlichen
1269 3162 1294 3209 in
1312 3163 1372 3209 Rom
1391 3165 1469 3209 anstis-

299 3244 364 3306 sigcn
390 3243 487 3306 Btirgcr,
513 3243 600 3291 welche
625 3244 651 3291 in
676 3245 798 3307 gehiiriger
824 3245 901 3292 Weise
927 3245 965 3292 dic
990 3245 1196 3307 vorgesohriebcne
1214 3244 1339 3309 profe-reio
1355 3244 1470 3308 gemacht,

298 3327 347 3374 also
373 3342 415 3374 zur
440 3327 573 3374 Ausuahmc
599 3331 668 3375 unter
693 3328 730 3374 die
759 3327 936 3390 regclmaasigcn
963 3328 1211 3392 Getrcideempfiinger
1228 3327 1368 3392 qualifiaiert
1384 3342 1470 3383 uareu,

299 3409 373 3457 tribua
398 3410 499 3472 dagegen
517 3410 561 3457 den
579 3411 648 3458 Krcis
665 3411 706 3457 der
723 3410 833 3457 wirklich
850 3410 877 3458 in
894 3411 932 3458 die
949 3411 1030 3458 Listen
1047 3412 1088 3459 der
1105 3427 1134 3459 au
1151 3411 1196 3459 den
1214 3411 1393 3474 regelmiissigen
1411 3411 1469 3458 Fru-

299 3491 467 3540 mentatioucm
484 3492 646 3554 Berechtigten
663 3494 891 3556 Antgenornmenen,
909 3494 979 3541 denen
997 3493 1062 3552 Zahl,
1080 3511 1149 3542 wenn
1166 3494 1226 3542 auch
1243 3495 1296 3542 eine
1312 3509 1398 3557 grosse,
1411 3493 1470 3541 doch

299 3575 351 3623 eine
373 3575 526 3624 beschrankte
542 3576 614 3626 war.”
649 3577 677 3624 In
692 3579 781 3640 populo
799 3577 863 3624 enirn
882 3594 929 3626 uon
947 3577 1125 3640 comprehensos
1142 3579 1215 3626 fuisse
1232 3583 1347 3626 senatores
1370 3578 1469 3641 equites·

299 3676 345 3722 que
378 3675 391 3706 e
416 3659 492 3706 Dione
514 3659 691 3722 intellegimns;
718 3660 738 3708 si
765 3677 818 3708 vero
843 3661 941 3709 alteram
967 3678 1084 3709 summam
1113 3662 1162 3722 (HS
1181 3662 1305 3722 3500000)
1335 3663 1364 3710 de
1392 3661 1471 3726 priore

299 3743 350 3802 (HS
375 3743 516 3802 40000000)
542 3743 686 3799 deducimus,
712 3760 770 3806 quae
801 3744 887 3807 reliqui
913 3761 1005 3792 sumrna
1030 3746 1057 3792 fit
1074 3745 1124 3806 (HS
1142 3745 1284 3804 36500000)
1302 3744 1378 3793 multo
1396 3745 1471 3792 maior

299 3828 342 3882 est,
368 3841 439 3887 quam
465 3829 491 3873 ut
519 3827 579 3874 hano
605 3827 634 3873 iis
661 3827 701 3889 qni
728 3827 836 3890 inplete
852 3829 1062 3875 frumentationum
1080 3843 1128 3875 non
1145 3829 1268 3892 participes
1286 3831 1370 3884 essent,
1387 3831 1411 3875 at
1430 3827 1471 3874 HS

301 3907 416 3955 3500000
433 3909 464 3955 iis
481 3909 522 3972 qni
540 3925 619 3957 earnm
637 3910 762 3973 participes
779 3915 864 3966 essent,
883 3911 959 3958 datum
974 3911 1046 3958 fuisse
1064 3911 1124 3958 mihi
1142 3911 1301 3974 persuadeam.

335 3989 353 4049 ¹)
387 3991 423 4037 Ita
448 3991 496 4039 iam
524 3992 675 4040 Casaubonns
698 3994 725 4041 ad
744 3993 807 4041 Suet.
826 3995 886 4056 Aug.
907 3993 962 4051 101,
979 3995 1021 4056 qui
1039 3995 1084 4042 ista
1101 3995 1212 4058 opinione
1229 3999 1256 4042 ut
1273 3994 1374 4042 absurda
1392 3994 1470 4057 exagi-

299 4076 347 4120 tata
372 4071 415 4119 hoc
441 4075 510 4122 modo
535 4076 625 4139 pergit:
644 4076 720 4138 „Nam
740 4080 818 4124 contre
836 4093 873 4124 eos
891 4076 965 4123 fuisse
984 4077 1049 4125 velut
1066 4077 1276 4136 administratores,
1294 4081 1317 4126 et
1335 4077 1470 4126 istiusmodi

299 4154 465 4219 similiumque
490 4157 645 4221 largitionum
668 4160 788 4216 divisores,
815 4159 930 4208 Asconius
955 4159 1044 4208 alicubi
1071 4160 1166 4218 iudicat,
1184 4164 1207 4210 et
1224 4177 1251 4209 ex
1269 4161 1354 4209 Plauto
1371 4159 1468 4225 probat:

300 4255 435 4304 quanquam
453 4238 495 4287 ille
513 4256 561 4289 non
579 4241 607 4290 de
624 4242 817 4305 vico-magistris,
834 4243 874 4291 sed
891 4243 1011 4291 crrriarum
1031 4243 1056 4291 id
1073 4243 1179 4292 scribit.''
