<?xml version="1.0" encoding="UTF-8"?>
<!DOCTYPE html PUBLIC "-//W3C//DTD XHTML 1.0 Transitional//EN"
    "http://www.w3.org/TR/xhtml1/DTD/xhtml1-transitional.dtd">
<html xmlns="http://www.w3.org/1999/xhtml" xml:lang="en" lang="en">
 <head>
  <title>
</title>
<meta http-equiv="Content-Type" content="text/html;charset=utf-8" />
  <meta name='ocr-system' content='tesseract 3.04.00' />
  <meta name='ocr-capabilities' content='ocr_page ocr_carea ocr_par ocr_line ocrx_word'/>
</head>
<body>
  <div class='ocr_page' id='page_1' title='image "./depauperumcuraa00essegoog_0266.png"; bbox 0 0 3296 5008; ppageno 0'>
   <div class='ocr_carea' id='block_1_1' title="bbox 838 518 902 584">
    <p class='ocr_par' dir='ltr' id='par_1_1' title="bbox 838 518 902 584">
     <span class='ocr_line' id='line_1_1' title="bbox 838 518 902 584; baseline -0.016 0"><span class='ocrx_word' id='word_1_1' title='bbox 838 518 902 584; x_wconf 83' lang='lat'>248</span> 
     </span>
    </p>
   </div>
   <div class='ocr_carea' id='block_1_2' title="bbox 273 693 1492 3291">
    <p class='ocr_par' dir='ltr' id='par_1_2' title="bbox 273 693 1492 3291">
     <span class='ocr_line' id='line_1_2' title="bbox 279 693 1453 787; baseline 0.006 -27"><span class='ocrx_word' id='word_1_2' title='bbox 279 693 489 761; x_wconf 87' lang='lat' dir='ltr'>Traianum:</span> <span class='ocrx_word' id='word_1_3' title='bbox 516 695 605 776; x_wconf 77' lang='lat' dir='ltr'>,Qui</span> <span class='ocrx_word' id='word_1_4' title='bbox 628 693 764 763; x_wconf 91' lang='lat' dir='ltr'>virilem</span> <span class='ocrx_word' id='word_1_5' title='bbox 788 701 905 781; x_wconf 86' lang='lat' dir='ltr'>togam</span> <span class='ocrx_word' id='word_1_6' title='bbox 929 703 1073 764; x_wconf 90' lang='lat' dir='ltr'>sumunt</span> <span class='ocrx_word' id='word_1_7' title='bbox 1096 697 1150 765; x_wconf 92' lang='lat' dir='ltr'>vel</span> <span class='ocrx_word' id='word_1_8' title='bbox 1171 700 1309 787; x_wconf 90' lang='lat' dir='ltr'>nuptias</span> <span class='ocrx_word' id='word_1_9' title='bbox 1321 700 1453 768; x_wconf 90' lang='lat' dir='ltr'>faciunt</span> 
     </span>
     <span class='ocr_line' id='line_1_3' title="bbox 279 805 1452 898; baseline 0.005 -24"><span class='ocrx_word' id='word_1_10' title='bbox 279 805 332 874; x_wconf 92' lang='lat' dir='ltr'>vel</span> <span class='ocrx_word' id='word_1_11' title='bbox 369 807 490 874; x_wconf 91' lang='lat' dir='ltr'>ineunt</span> <span class='ocrx_word' id='word_1_12' title='bbox 524 809 764 894; x_wconf 86' lang='lat' dir='ltr'>magistratum</span> <span class='ocrx_word' id='word_1_13' title='bbox 799 808 853 876; x_wconf 92' lang='lat' dir='ltr'>vel</span> <span class='ocrx_word' id='word_1_14' title='bbox 889 830 974 897; x_wconf 91' lang='lat' dir='ltr'>opus</span> <span class='ocrx_word' id='word_1_15' title='bbox 1005 809 1185 898; x_wconf 89' lang='lat' dir='ltr'>publicum</span> <span class='ocrx_word' id='word_1_16' title='bbox 1209 813 1376 896; x_wconf 87' lang='lat' dir='ltr'>dedicant,</span> <span class='ocrx_word' id='word_1_17' title='bbox 1401 835 1452 880; x_wconf 89' lang='lat' dir='ltr'>so·</span> 
     </span>
     <span class='ocr_line' id='line_1_4' title="bbox 278 919 1451 1012; baseline 0.005 -25"><span class='ocrx_word' id='word_1_18' title='bbox 278 919 351 988; x_wconf 92' lang='lat' dir='ltr'>lent</span> <span class='ocrx_word' id='word_1_19' title='bbox 385 927 492 988; x_wconf 89' lang='lat' dir='ltr'>totam</span> <span class='ocrx_word' id='word_1_20' title='bbox 530 921 633 989; x_wconf 91' lang='lat' dir='ltr'>bulen</span> <span class='ocrx_word' id='word_1_21' title='bbox 669 928 771 1009; x_wconf 89' lang='lat' dir='ltr'>atque</span> <span class='ocrx_word' id='word_1_22' title='bbox 810 923 957 989; x_wconf 85' lang='lat' dir='ltr'>etiams</span> <span class='ocrx_word' id='word_1_23' title='bbox 982 924 1080 1011; x_wconf 82' lang='lat' dir='ltr'>plebe</span> <span class='ocrx_word' id='word_1_24' title='bbox 1105 926 1364 1012; x_wconf 85' lang='lat' dir='ltr'>nonexiguum</span> <span class='ocrx_word' id='word_1_25' title='bbox 1388 949 1451 993; x_wconf 91' lang='lat' dir='ltr'>nu-</span> 
     </span>
     <span class='ocr_line' id='line_1_5' title="bbox 279 1036 1450 1124; baseline 0.004 -22"><span class='ocrx_word' id='word_1_26' title='bbox 279 1057 414 1102; x_wconf 91' lang='lat' dir='ltr'>merum</span> <span class='ocrx_word' id='word_1_27' title='bbox 438 1056 558 1104; x_wconf 86' lang='lat' dir='ltr'>vocare</span> <span class='ocrx_word' id='word_1_28' title='bbox 582 1036 748 1123; x_wconf 89' lang='lat' dir='ltr'>binosque</span> <span class='ocrx_word' id='word_1_29' title='bbox 772 1037 929 1103; x_wconf 87' lang='lat' dir='ltr'>denarios</span> <span class='ocrx_word' id='word_1_30' title='bbox 954 1037 1008 1104; x_wconf 91' lang='lat' dir='ltr'>vel</span> <span class='ocrx_word' id='word_1_31' title='bbox 1034 1038 1187 1124; x_wconf 84' lang='lat' dir='ltr'>singulos</span> <span class='ocrx_word' id='word_1_32' title='bbox 1210 1040 1301 1106; x_wconf 89' lang='lat' dir='ltr'>dare.</span> <span class='ocrx_word' id='word_1_33' title='bbox 1348 1041 1450 1120; x_wconf 77' lang='lat' dir='ltr'>Quod</span> 
     </span>
     <span class='ocr_line' id='line_1_6' title="bbox 278 1148 1492 1241; baseline 0.001 -26"><span class='ocrx_word' id='word_1_34' title='bbox 278 1171 323 1215; x_wconf 91' lang='lat' dir='ltr'>an</span> <span class='ocrx_word' id='word_1_35' title='bbox 368 1148 612 1216; x_wconf 89' lang='lat' dir='ltr'>celebrandum</span> <span class='ocrx_word' id='word_1_36' title='bbox 659 1156 692 1216; x_wconf 91' lang='lat' dir='ltr'>et</span> <span class='ocrx_word' id='word_1_37' title='bbox 727 1156 896 1237; x_wconf 89' lang='lat' dir='ltr'>quatenus</span> <span class='ocrx_word' id='word_1_38' title='bbox 930 1157 1029 1238; x_wconf 90' lang='lat' dir='ltr'>putes</span> <span class='ocrx_word' id='word_1_39' title='bbox 1062 1173 1143 1238; x_wconf 87' lang='lat' dir='ltr'>rogo</span> <span class='ocrx_word' id='word_1_40' title='bbox 1178 1152 1313 1220; x_wconf 83' lang='lat' dir='ltr'>scribas.</span> <span class='ocrx_word' id='word_1_41' title='bbox 1370 1154 1448 1241; x_wconf 87' lang='lat' dir='ltr'>Ipse</span> <span class='ocrx_word' id='word_1_42' title='bbox 1489 1213 1492 1216; x_wconf 87' lang='lat'>.</span> 
     </span>
     <span class='ocr_line' id='line_1_7' title="bbox 278 1263 1448 1351; baseline 0.004 -22"><span class='ocrx_word' id='word_1_43' title='bbox 278 1263 372 1329; x_wconf 89' lang='lat' dir='ltr'>enim</span> <span class='ocrx_word' id='word_1_44' title='bbox 405 1264 493 1330; x_wconf 90' lang='lat' dir='ltr'>sicut</span> <span class='ocrx_word' id='word_1_45' title='bbox 515 1263 670 1346; x_wconf 84' lang='lat' dir='ltr'>arbitror,</span> <span class='ocrx_word' id='word_1_46' title='bbox 695 1264 893 1351; x_wconf 88' lang='lat' dir='ltr'>praesertim</span> <span class='ocrx_word' id='word_1_47' title='bbox 918 1286 961 1330; x_wconf 83' lang='lat' dir='ltr'>ex</span> <span class='ocrx_word' id='word_1_48' title='bbox 984 1264 1207 1332; x_wconf 79' lang='lat' dir='ltr'>sollemnibus</span> <span class='ocrx_word' id='word_1_49' title='bbox 1230 1267 1350 1349; x_wconf 90' lang='lat' dir='ltr'>causis,</span> <span class='ocrx_word' id='word_1_50' title='bbox 1369 1289 1448 1334; x_wconf 91' lang='lat' dir='ltr'>con·</span> 
     </span>
     <span class='ocr_line' id='line_1_8' title="bbox 277 1377 1446 1467; baseline 0.003 -22"><span class='ocrx_word' id='word_1_51' title='bbox 277 1377 445 1445; x_wconf 82' lang='lat' dir='ltr'>cedendas</span> <span class='ocrx_word' id='word_1_52' title='bbox 479 1399 549 1445; x_wconf 89' lang='lat' dir='ltr'>esse</span> <span class='ocrx_word' id='word_1_53' title='bbox 583 1378 811 1459; x_wconf 82' lang='lat' dir='ltr'>invitationes,</span> <span class='ocrx_word' id='word_1_54' title='bbox 846 1378 895 1444; x_wconf 88' lang='lat' dir='ltr'>ita</span> <span class='ocrx_word' id='word_1_55' title='bbox 928 1399 1046 1445; x_wconf 88' lang='lat' dir='ltr'>vereor</span> <span class='ocrx_word' id='word_1_56' title='bbox 1069 1401 1112 1445; x_wconf 90' lang='lat' dir='ltr'>ne</span> <span class='ocrx_word' id='word_1_57' title='bbox 1135 1379 1161 1444; x_wconf 93' lang='lat' dir='ltr'>ii</span> <span class='ocrx_word' id='word_1_58' title='bbox 1185 1380 1244 1467; x_wconf 93' lang='lat' dir='ltr'>qni</span> <span class='ocrx_word' id='word_1_59' title='bbox 1268 1380 1362 1448; x_wconf 88' lang='lat' dir='ltr'>mille</span> <span class='ocrx_word' id='word_1_60' title='bbox 1386 1381 1446 1448; x_wconf 94' lang='lat' dir='ltr'>ho·</span> 
     </span>
     <span class='ocr_line' id='line_1_9' title="bbox 277 1491 1447 1579; baseline 0.003 -21"><span class='ocrx_word' id='word_1_61' title='bbox 277 1493 396 1574; x_wconf 90' lang='lat' dir='ltr'>mines,</span> <span class='ocrx_word' id='word_1_62' title='bbox 433 1493 608 1558; x_wconf 88' lang='lat' dir='ltr'>interdum</span> <span class='ocrx_word' id='word_1_63' title='bbox 642 1493 746 1558; x_wconf 86' lang='lat' dir='ltr'>etiam</span> <span class='ocrx_word' id='word_1_64' title='bbox 772 1491 888 1579; x_wconf 87' lang='lat' dir='ltr'>plures</span> <span class='ocrx_word' id='word_1_65' title='bbox 913 1499 1036 1558; x_wconf 89' lang='lat' dir='ltr'>vocant</span> <span class='ocrx_word' id='word_1_66' title='bbox 1059 1494 1202 1560; x_wconf 89' lang='lat' dir='ltr'>modum</span> <span class='ocrx_word' id='word_1_67' title='bbox 1225 1495 1388 1562; x_wconf 88' lang='lat' dir='ltr'>excedere</span> <span class='ocrx_word' id='word_1_68' title='bbox 1413 1502 1447 1563; x_wconf 91' lang='lat' dir='ltr'>et</span> 
     </span>
     <span class='ocr_line' id='line_1_10' title="bbox 276 1607 1446 1696; baseline 0.003 -24"><span class='ocrx_word' id='word_1_69' title='bbox 276 1607 313 1673; x_wconf 88' lang='lat' dir='ltr'>in</span> <span class='ocrx_word' id='word_1_70' title='bbox 347 1607 494 1694; x_wconf 91' lang='lat' dir='ltr'>speciem</span> <span class='ocrx_word' id='word_1_71' title='bbox 530 1607 706 1674; x_wconf 89' lang='lat' dir='ltr'>dianornes</span> <span class='ocrx_word' id='word_1_72' title='bbox 739 1607 889 1673; x_wconf 90' lang='lat' dir='ltr'>incidere</span> <span class='ocrx_word' id='word_1_73' title='bbox 924 1607 1137 1674; x_wconf 87' lang='lat' dir='ltr'>videantur.’&#39;</span> <span class='ocrx_word' id='word_1_74' title='bbox 1172 1607 1197 1696; x_wconf 86' lang='grc'>1)</span> <span class='ocrx_word' id='word_1_75' title='bbox 1243 1607 1446 1677; x_wconf 87' lang='lat' dir='ltr'>Occasiones</span> 
     </span>
     <span class='ocr_line' id='line_1_11' title="bbox 276 1720 1443 1810; baseline 0.003 -24"><span class='ocrx_word' id='word_1_76' title='bbox 276 1720 374 1788; x_wconf 88' lang='lat' dir='ltr'>facile</span> <span class='ocrx_word' id='word_1_77' title='bbox 397 1720 619 1808; x_wconf 89' lang='lat' dir='ltr'>multiplicari</span> <span class='ocrx_word' id='word_1_78' title='bbox 642 1728 792 1808; x_wconf 78' lang='lat' dir='ltr'>possunt.</span> <span class='ocrx_word' id='word_1_79' title='bbox 840 1720 971 1788; x_wconf 89' lang='lat' dir='ltr'>Divites</span> <span class='ocrx_word' id='word_1_80' title='bbox 984 1722 1134 1809; x_wconf 89' lang='lat' dir='ltr'>quidem,</span> <span class='ocrx_word' id='word_1_81' title='bbox 1148 1722 1209 1809; x_wconf 92' lang='lat' dir='ltr'>qui</span> <span class='ocrx_word' id='word_1_82' title='bbox 1222 1721 1275 1790; x_wconf 93' lang='lat' dir='ltr'>vel</span> <span class='ocrx_word' id='word_1_83' title='bbox 1288 1723 1443 1810; x_wconf 89' lang='lat' dir='ltr'>ipsorum</span> 
     </span>
     <span class='ocr_line' id='line_1_12' title="bbox 277 1834 1443 1922; baseline 0.003 -21"><span class='ocrx_word' id='word_1_84' title='bbox 277 1834 331 1901; x_wconf 89' lang='lat' dir='ltr'>vel</span> <span class='ocrx_word' id='word_1_85' title='bbox 375 1835 559 1922; x_wconf 90' lang='lat' dir='ltr'>propinqui</span> <span class='ocrx_word' id='word_1_86' title='bbox 604 1835 783 1902; x_wconf 90' lang='lat' dir='ltr'>cuiusdam</span> <span class='ocrx_word' id='word_1_87' title='bbox 832 1835 887 1902; x_wconf 90' lang='lat' dir='ltr'>vel</span> <span class='ocrx_word' id='word_1_88' title='bbox 925 1835 1139 1922; x_wconf 90' lang='lat' dir='ltr'>imperatoris</span> <span class='ocrx_word' id='word_1_89' title='bbox 1173 1836 1323 1904; x_wconf 88' lang='lat' dir='ltr'>natalem</span> <span class='ocrx_word' id='word_1_90' title='bbox 1358 1837 1443 1904; x_wconf 88' lang='lat' dir='ltr'>cele·</span> 
     </span>
     <span class='ocr_line' id='line_1_13' title="bbox 276 1944 1444 2038; baseline 0.003 -24"><span class='ocrx_word' id='word_1_91' title='bbox 276 1947 430 2029; x_wconf 89' lang='lat' dir='ltr'>brabant,</span> <span class='ocrx_word' id='word_1_92' title='bbox 471 1950 531 2035; x_wconf 91' lang='lat' dir='ltr'>qni</span> <span class='ocrx_word' id='word_1_93' title='bbox 565 1944 734 2015; x_wconf 84' lang='lat' dir='ltr'>defunctis</span> <span class='ocrx_word' id='word_1_94' title='bbox 768 1949 920 2034; x_wconf 84' lang='lat' dir='ltr'>cognatis</span> <span class='ocrx_word' id='word_1_95' title='bbox 954 1957 1133 2036; x_wconf 85' lang='lat' dir='ltr'>parentare</span> <span class='ocrx_word' id='word_1_96' title='bbox 1167 1949 1359 2032; x_wconf 84' lang='lat' dir='ltr'>studebant,</span> <span class='ocrx_word' id='word_1_97' title='bbox 1383 1952 1444 2038; x_wconf 92' lang='lat' dir='ltr'>qui</span> 
     </span>
     <span class='ocr_line' id='line_1_14' title="bbox 275 2062 1444 2151; baseline 0.003 -24"><span class='ocrx_word' id='word_1_98' title='bbox 275 2074 417 2128; x_wconf 83' lang='lat' dir='ltr'>munere</span> <span class='ocrx_word' id='word_1_99' title='bbox 454 2063 603 2150; x_wconf 91' lang='lat' dir='ltr'>quodam</span> <span class='ocrx_word' id='word_1_100' title='bbox 626 2062 867 2149; x_wconf 87' lang='lat' dir='ltr'>fungebantur,</span> <span class='ocrx_word' id='word_1_101' title='bbox 893 2063 1018 2150; x_wconf 91' lang='lat' dir='ltr'>quibus</span> <span class='ocrx_word' id='word_1_102' title='bbox 1040 2063 1151 2149; x_wconf 89' lang='lat' dir='ltr'>patria</span> <span class='ocrx_word' id='word_1_103' title='bbox 1174 2069 1322 2130; x_wconf 89' lang='lat' dir='ltr'>statuam</span> <span class='ocrx_word' id='word_1_104' title='bbox 1344 2086 1444 2151; x_wconf 92' lang='lat' dir='ltr'>posu·</span> 
     </span>
     <span class='ocr_line' id='line_1_15' title="bbox 276 2177 1443 2266; baseline 0.002 -24"><span class='ocrx_word' id='word_1_105' title='bbox 276 2183 357 2259; x_wconf 89' lang='lat' dir='ltr'>erat,</span> <span class='ocrx_word' id='word_1_106' title='bbox 396 2177 458 2242; x_wconf 90' lang='lat' dir='ltr'>hos</span> <span class='ocrx_word' id='word_1_107' title='bbox 496 2198 615 2243; x_wconf 89' lang='lat' dir='ltr'>omnes</span> <span class='ocrx_word' id='word_1_108' title='bbox 652 2177 846 2264; x_wconf 88' lang='lat' dir='ltr'>saepissime</span> <span class='ocrx_word' id='word_1_109' title='bbox 881 2177 924 2243; x_wconf 90' lang='lat' dir='ltr'>ad</span> <span class='ocrx_word' id='word_1_110' title='bbox 958 2177 1099 2264; x_wconf 91' lang='lat' dir='ltr'>epulum</span> <span class='ocrx_word' id='word_1_111' title='bbox 1136 2177 1314 2264; x_wconf 91' lang='lat' dir='ltr'>publicum</span> <span class='ocrx_word' id='word_1_112' title='bbox 1349 2179 1443 2266; x_wconf 90' lang='lat' dir='ltr'>oppi-</span> 
     </span>
     <span class='ocr_line' id='line_1_16' title="bbox 275 2290 1443 2378; baseline 0.001 -21"><span class='ocrx_word' id='word_1_113' title='bbox 275 2292 382 2358; x_wconf 89' lang='lat' dir='ltr'>danos</span> <span class='ocrx_word' id='word_1_114' title='bbox 417 2312 551 2358; x_wconf 90' lang='lat' dir='ltr'>vocasse</span> <span class='ocrx_word' id='word_1_115' title='bbox 586 2291 640 2358; x_wconf 90' lang='lat' dir='ltr'>vel</span> <span class='ocrx_word' id='word_1_116' title='bbox 663 2291 784 2358; x_wconf 87' lang='lat' dir='ltr'>iisdem</span> <span class='ocrx_word' id='word_1_117' title='bbox 808 2290 977 2378; x_wconf 87' lang='lat' dir='ltr'>sportulas</span> <span class='ocrx_word' id='word_1_118' title='bbox 999 2291 1152 2358; x_wconf 88' lang='lat' dir='ltr'>divisisse</span> <span class='ocrx_word' id='word_1_119' title='bbox 1175 2298 1315 2358; x_wconf 87' lang='lat' dir='ltr'>constat.</span> <span class='ocrx_word' id='word_1_120' title='bbox 1363 2292 1443 2358; x_wconf 90' lang='lat' dir='ltr'>Non</span> 
     </span>
     <span class='ocr_line' id='line_1_17' title="bbox 274 2405 1443 2493; baseline 0.002 -23"><span class='ocrx_word' id='word_1_121' title='bbox 274 2427 350 2471; x_wconf 92' lang='lat' dir='ltr'>raro</span> <span class='ocrx_word' id='word_1_122' title='bbox 387 2426 523 2493; x_wconf 92' lang='lat' dir='ltr'>quoque</span> <span class='ocrx_word' id='word_1_123' title='bbox 562 2412 680 2471; x_wconf 91' lang='lat' dir='ltr'>contra</span> <span class='ocrx_word' id='word_1_124' title='bbox 713 2405 825 2486; x_wconf 87' lang='lat' dir='ltr'>fiebat,</span> <span class='ocrx_word' id='word_1_125' title='bbox 862 2412 901 2470; x_wconf 91' lang='lat' dir='ltr'>ut</span> <span class='ocrx_word' id='word_1_126' title='bbox 934 2412 1046 2471; x_wconf 90' lang='lat' dir='ltr'>statua</span> <span class='ocrx_word' id='word_1_127' title='bbox 1080 2412 1264 2492; x_wconf 89' lang='lat' dir='ltr'>poneretur</span> <span class='ocrx_word' id='word_1_128' title='bbox 1298 2407 1348 2486; x_wconf 87' lang='lat' dir='ltr'>iia,</span> <span class='ocrx_word' id='word_1_129' title='bbox 1382 2408 1443 2493; x_wconf 91' lang='lat' dir='ltr'>qni</span> 
     </span>
     <span class='ocr_line' id='line_1_18' title="bbox 274 2515 1442 2607; baseline 0.002 -23"><span class='ocrx_word' id='word_1_130' title='bbox 274 2518 394 2606; x_wconf 88' lang='lat' dir='ltr'>epulis,</span> <span class='ocrx_word' id='word_1_131' title='bbox 441 2519 610 2606; x_wconf 70' lang='lat' dir='ltr'>sportulis</span> <span class='ocrx_word' id='word_1_132' title='bbox 645 2520 826 2604; x_wconf 83' lang='lat' dir='ltr'>congiariis</span> <span class='ocrx_word' id='word_1_133' title='bbox 861 2519 991 2601; x_wconf 76' lang='lat' dir='ltr'>dandiS,</span> <span class='ocrx_word' id='word_1_134' title='bbox 1026 2515 1173 2606; x_wconf 87' lang='lat' dir='ltr'>publicis</span> <span class='ocrx_word' id='word_1_135' title='bbox 1201 2519 1359 2607; x_wconf 90' lang='lat' dir='ltr'>operibus</span> <span class='ocrx_word' id='word_1_136' title='bbox 1394 2521 1442 2586; x_wconf 83' lang='lat' dir='ltr'>ia·</span> 
     </span>
     <span class='ocr_line' id='line_1_19' title="bbox 274 2631 1442 2721; baseline -0.001 -22"><span class='ocrx_word' id='word_1_137' title='bbox 274 2632 412 2713; x_wconf 77' lang='lat' dir='ltr'>ciendiS,</span> <span class='ocrx_word' id='word_1_138' title='bbox 448 2632 616 2699; x_wconf 86' lang='lat' dir='ltr'>similibus</span> <span class='ocrx_word' id='word_1_139' title='bbox 650 2633 691 2698; x_wconf 91' lang='lat' dir='ltr'>de</span> <span class='ocrx_word' id='word_1_140' title='bbox 726 2633 860 2699; x_wconf 89' lang='lat' dir='ltr'>civibus</span> <span class='ocrx_word' id='word_1_141' title='bbox 893 2634 963 2699; x_wconf 90' lang='lat' dir='ltr'>suis</span> <span class='ocrx_word' id='word_1_142' title='bbox 1000 2631 1085 2699; x_wconf 91' lang='lat' dir='ltr'>bene</span> <span class='ocrx_word' id='word_1_143' title='bbox 1122 2633 1234 2700; x_wconf 88' lang='lat' dir='ltr'>meriti</span> <span class='ocrx_word' id='word_1_144' title='bbox 1269 2640 1389 2700; x_wconf 89' lang='lat' dir='ltr'>essent.</span> <span class='ocrx_word' id='word_1_145' title='bbox 1416 2633 1442 2721; x_wconf 76' lang='lat'>⁹)</span> 
     </span>
     <span class='ocr_line' id='line_1_20' title="bbox 273 2746 1441 2835; baseline 0.001 -23"><span class='ocrx_word' id='word_1_146' title='bbox 273 2747 364 2813; x_wconf 90' lang='lat' dir='ltr'>Ludi</span> <span class='ocrx_word' id='word_1_147' title='bbox 400 2769 547 2835; x_wconf 91' lang='lat' dir='ltr'>quoque,</span> <span class='ocrx_word' id='word_1_148' title='bbox 584 2746 708 2833; x_wconf 89' lang='lat' dir='ltr'>quibus</span> <span class='ocrx_word' id='word_1_149' title='bbox 731 2755 765 2813; x_wconf 85' lang='lat' dir='ltr'>et</span> <span class='ocrx_word' id='word_1_150' title='bbox 787 2748 869 2834; x_wconf 90' lang='lat' dir='ltr'>ipsis</span> <span class='ocrx_word' id='word_1_151' title='bbox 891 2746 1047 2814; x_wconf 89' lang='lat' dir='ltr'>liberales</span> <span class='ocrx_word' id='word_1_152' title='bbox 1073 2748 1136 2814; x_wconf 92' lang='lat' dir='ltr'>viri</span> <span class='ocrx_word' id='word_1_153' title='bbox 1160 2746 1329 2834; x_wconf 92' lang='lat' dir='ltr'>populum</span> <span class='ocrx_word' id='word_1_154' title='bbox 1353 2746 1441 2814; x_wconf 91' lang='lat' dir='ltr'>dele·</span> 
     </span>
     <span class='ocr_line' id='line_1_21' title="bbox 274 2859 1438 2948; baseline -0.001 -20"><span class='ocrx_word' id='word_1_155' title='bbox 274 2868 365 2928; x_wconf 90' lang='lat' dir='ltr'>ctare</span> <span class='ocrx_word' id='word_1_156' title='bbox 389 2860 552 2941; x_wconf 86' lang='lat' dir='ltr'>solebant,</span> <span class='ocrx_word' id='word_1_157' title='bbox 577 2861 816 2928; x_wconf 88' lang='lat' dir='ltr'>conviviorum</span> <span class='ocrx_word' id='word_1_158' title='bbox 829 2860 982 2947; x_wconf 91' lang='lat' dir='ltr'>amplam</span> <span class='ocrx_word' id='word_1_159' title='bbox 993 2861 1205 2927; x_wconf 91' lang='lat' dir='ltr'>occasionem</span> <span class='ocrx_word' id='word_1_160' title='bbox 1219 2859 1438 2948; x_wconf 91' lang='lat' dir='ltr'>praebebant.</span> 
     </span>
     <span class='ocr_line' id='line_1_22' title="bbox 274 2975 1442 3062; baseline -0.003 -19"><span class='ocrx_word' id='word_1_161' title='bbox 274 2975 373 3043; x_wconf 87' lang='lat' dir='ltr'>Tales</span> <span class='ocrx_word' id='word_1_162' title='bbox 406 2975 527 3062; x_wconf 85' lang='lat' dir='ltr'>epulae</span> <span class='ocrx_word' id='word_1_163' title='bbox 560 2982 594 3040; x_wconf 90' lang='lat' dir='ltr'>et</span> <span class='ocrx_word' id='word_1_164' title='bbox 617 2982 805 3062; x_wconf 90' lang='lat' dir='ltr'>quaesunt</span> <span class='ocrx_word' id='word_1_165' title='bbox 828 2975 962 3060; x_wconf 88' lang='lat' dir='ltr'>generis</span> <span class='ocrx_word' id='word_1_166' title='bbox 985 2975 1139 3041; x_wconf 89' lang='lat' dir='ltr'>eiusdem</span> <span class='ocrx_word' id='word_1_167' title='bbox 1159 2981 1219 3041; x_wconf 91' lang='lat' dir='ltr'>aut</span> <span class='ocrx_word' id='word_1_168' title='bbox 1241 2975 1346 3042; x_wconf 88' lang='lat' dir='ltr'>semel</span> <span class='ocrx_word' id='word_1_169' title='bbox 1368 2981 1442 3041; x_wconf 89' lang='lat' dir='ltr'>tan·</span> 
     </span>
     <span class='ocr_line' id='line_1_23' title="bbox 273 3089 1440 3176; baseline -0.003 -19"><span class='ocrx_word' id='word_1_170' title='bbox 273 3097 348 3157; x_wconf 93' lang='lat' dir='ltr'>tum</span> <span class='ocrx_word' id='word_1_171' title='bbox 382 3097 468 3155; x_wconf 89' lang='lat' dir='ltr'>stato</span> <span class='ocrx_word' id='word_1_172' title='bbox 503 3089 556 3154; x_wconf 89' lang='lat' dir='ltr'>die</span> <span class='ocrx_word' id='word_1_173' title='bbox 581 3089 797 3155; x_wconf 81' lang='lat' dir='ltr'>habebantur</span> <span class='ocrx_word' id='word_1_174' title='bbox 819 3094 879 3154; x_wconf 92' lang='lat' dir='ltr'>aut</span> <span class='ocrx_word' id='word_1_175' title='bbox 903 3089 1095 3176; x_wconf 66' lang='lat' dir='ltr'>quotannis</span> <span class='ocrx_word' id='word_1_176' title='bbox 1120 3095 1159 3154; x_wconf 93' lang='lat' dir='ltr'>ut</span> <span class='ocrx_word' id='word_1_177' title='bbox 1181 3089 1225 3155; x_wconf 92' lang='lat' dir='ltr'>ad</span> <span class='ocrx_word' id='word_1_178' title='bbox 1247 3089 1440 3155; x_wconf 91' lang='lat' dir='ltr'>demortuo-</span> 
     </span>
     <span class='ocr_line' id='line_1_24' title="bbox 273 3200 1442 3291; baseline -0.002 -20"><span class='ocrx_word' id='word_1_179' title='bbox 273 3227 353 3271; x_wconf 89' lang='lat' dir='ltr'>rum</span> <span class='ocrx_word' id='word_1_180' title='bbox 387 3203 563 3286; x_wconf 92' lang='lat' dir='ltr'>honorem,</span> <span class='ocrx_word' id='word_1_181' title='bbox 599 3203 862 3271; x_wconf 89' lang='lat' dir='ltr'>renovabantur.</span> <span class='ocrx_word' id='word_1_182' title='bbox 898 3200 924 3291; x_wconf 76' lang='grc'>8)</span> <span class='ocrx_word' id='word_1_183' title='bbox 970 3203 1070 3282; x_wconf 82' lang='lat' dir='ltr'>Quod</span> <span class='ocrx_word' id='word_1_184' title='bbox 1105 3210 1143 3269; x_wconf 87' lang='lat' dir='ltr'>ut</span> <span class='ocrx_word' id='word_1_185' title='bbox 1177 3203 1273 3270; x_wconf 89' lang='lat' dir='ltr'>fieret</span> <span class='ocrx_word' id='word_1_186' title='bbox 1306 3204 1442 3290; x_wconf 90' lang='lat' dir='ltr'>saepius</span> 
     </span>
    </p>
   </div>
   <div class='ocr_carea' id='block_1_3' title="bbox 271 3423 1442 3824">
    <p class='ocr_par' dir='ltr' id='par_1_3' title="bbox 271 3423 1442 3824">
     <span class='ocr_line' id='line_1_25' title="bbox 307 3423 1442 3490; baseline -0.003 -15"><span class='ocrx_word' id='word_1_187' title='bbox 307 3426 326 3487; x_wconf 85' lang='lat'>¹)</span> <span class='ocrx_word' id='word_1_188' title='bbox 359 3427 387 3475; x_wconf 89' lang='lat' dir='ltr'>C.</span> <span class='ocrx_word' id='word_1_189' title='bbox 410 3426 475 3475; x_wconf 89' lang='lat' dir='ltr'>Plini</span> <span class='ocrx_word' id='word_1_190' title='bbox 492 3429 516 3475; x_wconf 87' lang='lat' dir='ltr'>et</span> <span class='ocrx_word' id='word_1_191' title='bbox 531 3425 627 3475; x_wconf 73' lang='lat' dir='ltr'>Traiani</span> <span class='ocrx_word' id='word_1_192' title='bbox 644 3425 720 3490; x_wconf 82' lang='lat' dir='ltr'>Epist.</span> <span class='ocrx_word' id='word_1_193' title='bbox 740 3425 787 3474; x_wconf 78' lang='lat'>116</span> <span class='ocrx_word' id='word_1_194' title='bbox 805 3425 880 3486; x_wconf 70' lang='grc'>1117).</span> <span class='ocrx_word' id='word_1_195' title='bbox 915 3424 990 3474; x_wconf 91' lang='lat' dir='ltr'>Plinii</span> <span class='ocrx_word' id='word_1_196' title='bbox 1008 3424 1093 3474; x_wconf 89' lang='lat' dir='ltr'>litteris</span> <span class='ocrx_word' id='word_1_197' title='bbox 1110 3441 1124 3473; x_wconf 89' lang='lat' dir='ltr'>a</span> <span class='ocrx_word' id='word_1_198' title='bbox 1141 3425 1241 3474; x_wconf 79' lang='lat' dir='ltr'>Traiano</span> <span class='ocrx_word' id='word_1_199' title='bbox 1258 3424 1314 3473; x_wconf 88' lang='lat' dir='ltr'>haec</span> <span class='ocrx_word' id='word_1_200' title='bbox 1330 3423 1442 3489; x_wconf 82' lang='lat' dir='ltr'>rescripta</span> 
     </span>
     <span class='ocr_line' id='line_1_26' title="bbox 272 3489 1442 3575; baseline -0.005 -15"><span class='ocrx_word' id='word_1_201' title='bbox 272 3514 330 3560; x_wconf 68' lang='lat' dir='ltr'>run</span> <span class='ocrx_word' id='word_1_202' title='bbox 355 3509 441 3575; x_wconf 73' lang='lat' dir='ltr'>(upra</span> <span class='ocrx_word' id='word_1_203' title='bbox 465 3509 512 3561; x_wconf 81' lang='lat' dir='ltr'>nr</span> <span class='ocrx_word' id='word_1_204' title='bbox 530 3509 630 3569; x_wconf 66' lang='lat' dir='ltr'>vuar:</span> <span class='ocrx_word' id='word_1_205' title='bbox 650 3509 752 3573; x_wconf 70' lang='lat' dir='ltr'>,nerra</span> <span class='ocrx_word' id='word_1_206' title='bbox 770 3509 856 3557; x_wconf 67' lang='lat' dir='ltr'>vereris</span> <span class='ocrx_word' id='word_1_207' title='bbox 873 3524 903 3556; x_wconf 69' lang='lat' dir='ltr'>ne</span> <span class='ocrx_word' id='word_1_208' title='bbox 920 3508 946 3557; x_wconf 79' lang='lat' dir='ltr'>a</span> <span class='ocrx_word' id='word_1_209' title='bbox 963 3509 1063 3573; x_wconf 75' lang='lat' dir='ltr'>speciem</span> <span class='ocrx_word' id='word_1_210' title='bbox 1081 3489 1201 3557; x_wconf 70' lang='lat' dir='ltr'>stimma</span> <span class='ocrx_word' id='word_1_211' title='bbox 1218 3507 1307 3556; x_wconf 70' lang='lat' dir='ltr'>inerrat</span> <span class='ocrx_word' id='word_1_212' title='bbox 1324 3506 1442 3566; x_wconf 73' lang='lat' dir='ltr'>inuata,</span> 
     </span>
     <span class='ocr_line' id='line_1_27' title="bbox 272 3589 1442 3660; baseline -0.004 -17"><span class='ocrx_word' id='word_1_213' title='bbox 272 3611 332 3660; x_wconf 90' lang='lat' dir='ltr'>quae</span> <span class='ocrx_word' id='word_1_214' title='bbox 356 3598 380 3643; x_wconf 88' lang='lat' dir='ltr'>et</span> <span class='ocrx_word' id='word_1_215' title='bbox 405 3594 431 3641; x_wconf 88' lang='lat' dir='ltr'>in</span> <span class='ocrx_word' id='word_1_216' title='bbox 457 3608 555 3642; x_wconf 88' lang='lat' dir='ltr'>numero</span> <span class='ocrx_word' id='word_1_217' title='bbox 580 3592 678 3641; x_wconf 88' lang='lat' dir='ltr'>modum</span> <span class='ocrx_word' id='word_1_218' title='bbox 703 3592 793 3641; x_wconf 84' lang='lat' dir='ltr'>excedit</span> <span class='ocrx_word' id='word_1_219' title='bbox 810 3598 837 3646; x_wconf 63' lang='lat' dir='ltr'>,et</span> <span class='ocrx_word' id='word_1_220' title='bbox 856 3593 923 3656; x_wconf 83' lang='lat' dir='ltr'>qnasi</span> <span class='ocrx_word' id='word_1_221' title='bbox 941 3608 982 3656; x_wconf 89' lang='lat' dir='ltr'>per</span> <span class='ocrx_word' id='word_1_222' title='bbox 996 3608 1099 3657; x_wconf 88' lang='lat' dir='ltr'>corpora,</span> <span class='ocrx_word' id='word_1_223' title='bbox 1117 3609 1164 3640; x_wconf 92' lang='lat' dir='ltr'>uon</span> <span class='ocrx_word' id='word_1_224' title='bbox 1182 3591 1274 3640; x_wconf 86' lang='lat' dir='ltr'>viritim</span> <span class='ocrx_word' id='word_1_225' title='bbox 1291 3589 1398 3654; x_wconf 84' lang='lat' dir='ltr'>singulos</span> <span class='ocrx_word' id='word_1_226' title='bbox 1414 3604 1442 3638; x_wconf 85' lang='lat' dir='ltr'>ex</span> 
     </span>
     <span class='ocr_line' id='line_1_28' title="bbox 273 3674 1441 3741; baseline -0.003 -13"><span class='ocrx_word' id='word_1_227' title='bbox 273 3679 365 3738; x_wconf 84' lang='lat' dir='ltr'>notitia,</span> <span class='ocrx_word' id='word_1_228' title='bbox 391 3678 421 3726; x_wconf 81' lang='lat' dir='ltr'>sd</span> <span class='ocrx_word' id='word_1_229' title='bbox 446 3676 572 3725; x_wconf 79' lang='lat' dir='ltr'>sollemnes</span> <span class='ocrx_word' id='word_1_230' title='bbox 595 3675 711 3741; x_wconf 87' lang='lat' dir='ltr'>sportulas</span> <span class='ocrx_word' id='word_1_231' title='bbox 737 3676 861 3724; x_wconf 87' lang='lat' dir='ltr'>contrahit.</span> <span class='ocrx_word' id='word_1_232' title='bbox 886 3676 931 3724; x_wconf 88' lang='lat' dir='ltr'>Sed</span> <span class='ocrx_word' id='word_1_233' title='bbox 953 3692 996 3738; x_wconf 76' lang='lat' dir='ltr'>ego</span> <span class='ocrx_word' id='word_1_234' title='bbox 1017 3676 1069 3724; x_wconf 92' lang='lat' dir='ltr'>ideo</span> <span class='ocrx_word' id='word_1_235' title='bbox 1086 3675 1235 3740; x_wconf 83' lang='lat' dir='ltr'>prudentiam</span> <span class='ocrx_word' id='word_1_236' title='bbox 1252 3680 1319 3724; x_wconf 86' lang='lat' dir='ltr'>tuam</span> <span class='ocrx_word' id='word_1_237' title='bbox 1335 3674 1395 3738; x_wconf 83' lang='lat' dir='ltr'>elegi</span> <span class='ocrx_word' id='word_1_238' title='bbox 1413 3678 1441 3724; x_wconf 92' lang='lat' dir='ltr'>ut</span> 
     </span>
     <span class='ocr_line' id='line_1_29' title="bbox 271 3758 1441 3824; baseline -0.004 -13"><span class='ocrx_word' id='word_1_239' title='bbox 271 3761 402 3811; x_wconf 85' lang='lat' dir='ltr'>formandis</span> <span class='ocrx_word' id='word_1_240' title='bbox 419 3761 488 3809; x_wconf 89' lang='lat' dir='ltr'>istius</span> <span class='ocrx_word' id='word_1_241' title='bbox 506 3759 640 3824; x_wconf 82' lang='lat' dir='ltr'>provinciae</span> <span class='ocrx_word' id='word_1_242' title='bbox 657 3759 762 3808; x_wconf 91' lang='lat' dir='ltr'>moribus</span> <span class='ocrx_word' id='word_1_243' title='bbox 780 3759 830 3823; x_wconf 90' lang='lat' dir='ltr'>ipse</span> <span class='ocrx_word' id='word_1_244' title='bbox 846 3759 999 3808; x_wconf 86' lang='lat' dir='ltr'>moderareris</span> <span class='ocrx_word' id='word_1_245' title='bbox 1016 3763 1039 3808; x_wconf 88' lang='lat' dir='ltr'>et</span> <span class='ocrx_word' id='word_1_246' title='bbox 1056 3775 1082 3808; x_wconf 87' lang='lat' dir='ltr'>ea</span> <span class='ocrx_word' id='word_1_247' title='bbox 1098 3759 1251 3808; x_wconf 87' lang='lat' dir='ltr'>constitueres</span> <span class='ocrx_word' id='word_1_248' title='bbox 1267 3774 1327 3822; x_wconf 87' lang='lat' dir='ltr'>qnae</span> <span class='ocrx_word' id='word_1_249' title='bbox 1344 3758 1373 3807; x_wconf 90' lang='lat' dir='ltr'>ad</span> <span class='ocrx_word' id='word_1_250' title='bbox 1390 3773 1441 3823; x_wconf 91' lang='lat' dir='ltr'>per·</span> 
     </span>
    </p>
   </div>
   <div class='ocr_carea' id='block_1_4' title="bbox 272 3841 959 3909">
    <p class='ocr_par' dir='ltr' id='par_1_4' title="bbox 272 3841 959 3909">
     <span class='ocr_line' id='line_1_30' title="bbox 272 3841 959 3909; baseline -0.006 -15"><span class='ocrx_word' id='word_1_251' title='bbox 272 3850 367 3909; x_wconf 86' lang='lat' dir='ltr'>petuam</span> <span class='ocrx_word' id='word_1_252' title='bbox 381 3844 432 3893; x_wconf 85' lang='lat' dir='ltr'>eius</span> <span class='ocrx_word' id='word_1_253' title='bbox 449 3844 584 3909; x_wconf 84' lang='lat' dir='ltr'>provinciae</span> <span class='ocrx_word' id='word_1_254' title='bbox 601 3843 704 3906; x_wconf 85' lang='lat' dir='ltr'>quietem</span> <span class='ocrx_word' id='word_1_255' title='bbox 721 3847 797 3891; x_wconf 85' lang='lat' dir='ltr'>essent</span> <span class='ocrx_word' id='word_1_256' title='bbox 813 3841 959 3908; x_wconf 79' lang='lat' dir='ltr'>profutura.”</span> 
     </span>
    </p>
   </div>
   <div class='ocr_carea' id='block_1_5' title="bbox 271 3926 1443 4324">
    <p class='ocr_par' dir='ltr' id='par_1_5' title="bbox 304 3926 716 3991">
     <span class='ocr_line' id='line_1_31' title="bbox 304 3926 716 3991; baseline -0.002 -15"><span class='ocrx_word' id='word_1_257' title='bbox 304 3928 325 3988; x_wconf 88' lang='lat'>²)</span> <span class='ocrx_word' id='word_1_258' title='bbox 359 3926 641 3991; x_wconf 70' lang='lat' dir='ltr'>cr.sri0u1.1.l.pag.</span> <span class='ocrx_word' id='word_1_259' title='bbox 661 3926 716 3979; x_wconf 81' lang='lat'>257.</span> 
     </span>
    </p>

    <p class='ocr_par' dir='ltr' id='par_1_6' title="bbox 271 4006 1443 4324">
     <span class='ocr_line' id='line_1_32' title="bbox 307 4006 1442 4074; baseline -0.003 -15"><span class='ocrx_word' id='word_1_260' title='bbox 307 4010 326 4072; x_wconf 68' lang='grc' dir='ltr'>Ι)</span> <span class='ocrx_word' id='word_1_261' title='bbox 361 4011 431 4060; x_wconf 85' lang='lat' dir='ltr'>Varia</span> <span class='ocrx_word' id='word_1_262' title='bbox 456 4011 563 4074; x_wconf 87' lang='lat' dir='ltr'>exempla</span> <span class='ocrx_word' id='word_1_263' title='bbox 584 4010 620 4060; x_wconf 77' lang='lat' dir='ltr'>&#39;ad</span> <span class='ocrx_word' id='word_1_264' title='bbox 644 4009 726 4058; x_wconf 89' lang='lat' dir='ltr'>urbem</span> <span class='ocrx_word' id='word_1_265' title='bbox 743 4010 841 4058; x_wconf 85' lang='lat' dir='ltr'>Romam</span> <span class='ocrx_word' id='word_1_266' title='bbox 864 4013 886 4058; x_wconf 91' lang='lat' dir='ltr'>et</span> <span class='ocrx_word' id='word_1_267' title='bbox 906 4010 935 4058; x_wconf 89' lang='lat' dir='ltr'>ad</span> <span class='ocrx_word' id='word_1_268' title='bbox 955 4008 1085 4074; x_wconf 84' lang='lat' dir='ltr'>municipia</span> <span class='ocrx_word' id='word_1_269' title='bbox 1100 4008 1243 4073; x_wconf 83' lang='lat' dir='ltr'>pertinentia</span> <span class='ocrx_word' id='word_1_270' title='bbox 1259 4006 1361 4056; x_wconf 88' lang='lat' dir='ltr'>eontulit</span> <span class='ocrx_word' id='word_1_271' title='bbox 1377 4007 1442 4056; x_wconf 88' lang='lat' dir='ltr'>Mar·</span> 
     </span>
     <span class='ocr_line' id='line_1_33' title="bbox 272 4089 1443 4159; baseline -0.002 -17"><span class='ocrx_word' id='word_1_272' title='bbox 272 4095 361 4158; x_wconf 88' lang='lat' dir='ltr'>quardt</span> <span class='ocrx_word' id='word_1_273' title='bbox 388 4093 416 4157; x_wconf 76' lang='lat' dir='ltr'>(l.</span> <span class='ocrx_word' id='word_1_274' title='bbox 441 4094 459 4143; x_wconf 91' lang='lat' dir='ltr'>l.</span> <span class='ocrx_word' id='word_1_275' title='bbox 487 4111 539 4159; x_wconf 79' lang='lat' dir='ltr'>pag.</span> <span class='ocrx_word' id='word_1_276' title='bbox 566 4093 614 4143; x_wconf 77' lang='lat'>208</span> <span class='ocrx_word' id='word_1_277' title='bbox 640 4095 694 4143; x_wconf 90' lang='lat' dir='ltr'>adn.</span> <span class='ocrx_word' id='word_1_278' title='bbox 721 4093 735 4141; x_wconf 80' lang='lat'>9</span> <span class='ocrx_word' id='word_1_279' title='bbox 762 4097 785 4142; x_wconf 88' lang='lat' dir='ltr'>et</span> <span class='ocrx_word' id='word_1_280' title='bbox 811 4093 851 4152; x_wconf 92' lang='grc'>10)</span> <span class='ocrx_word' id='word_1_281' title='bbox 877 4110 889 4142; x_wconf 90' lang='lat' dir='ltr'>a</span> <span class='ocrx_word' id='word_1_282' title='bbox 917 4092 1056 4152; x_wconf 83' lang='lat' dir='ltr'>Wilmanns,</span> <span class='ocrx_word' id='word_1_283' title='bbox 1074 4091 1188 4157; x_wconf 81' lang='lat' dir='ltr'>Exempla</span> <span class='ocrx_word' id='word_1_284' title='bbox 1204 4091 1279 4141; x_wconf 91' lang='lat' dir='ltr'>Inscr.</span> <span class='ocrx_word' id='word_1_285' title='bbox 1296 4091 1346 4140; x_wconf 79' lang='lat' dir='ltr'>Lat.</span> <span class='ocrx_word' id='word_1_286' title='bbox 1374 4089 1443 4141; x_wconf 92' lang='lat' dir='ltr'>Illud</span> 
     </span>
     <span class='ocr_line' id='line_1_34' title="bbox 272 4174 1443 4242; baseline -0.003 -16"><span class='ocrx_word' id='word_1_287' title='bbox 272 4177 383 4227; x_wconf 86' lang='lat' dir='ltr'>odiosum</span> <span class='ocrx_word' id='word_1_288' title='bbox 409 4181 452 4236; x_wconf 85' lang='lat' dir='ltr'>est,</span> <span class='ocrx_word' id='word_1_289' title='bbox 477 4177 541 4242; x_wconf 89' lang='lat' dir='ltr'>quod</span> <span class='ocrx_word' id='word_1_290' title='bbox 566 4178 642 4227; x_wconf 85' lang='lat' dir='ltr'>adbuc</span> <span class='ocrx_word' id='word_1_291' title='bbox 667 4193 715 4226; x_wconf 91' lang='lat' dir='ltr'>non</span> <span class='ocrx_word' id='word_1_292' title='bbox 742 4193 823 4226; x_wconf 86' lang='lat' dir='ltr'>omnes</span> <span class='ocrx_word' id='word_1_293' title='bbox 848 4176 959 4242; x_wconf 82' lang='lat' dir='ltr'>Corporis</span> <span class='ocrx_word' id='word_1_294' title='bbox 984 4176 1169 4241; x_wconf 88' lang='lat' dir='ltr'>Inscriptiounm</span> <span class='ocrx_word' id='word_1_295' title='bbox 1193 4175 1332 4225; x_wconf 80' lang='lat' dir='ltr'>latinarum</span> <span class='ocrx_word' id='word_1_296' title='bbox 1349 4174 1443 4224; x_wconf 89' lang='lat' dir='ltr'>Indices</span> 
     </span>
     <span class='ocr_line' id='line_1_35' title="bbox 271 4257 1443 4324; baseline -0.002 -12"><span class='ocrx_word' id='word_1_297' title='bbox 271 4261 354 4313; x_wconf 85' lang='lat' dir='ltr'>amissi</span> <span class='ocrx_word' id='word_1_298' title='bbox 374 4263 438 4312; x_wconf 86' lang='lat' dir='ltr'>sunt.</span> <span class='ocrx_word' id='word_1_299' title='bbox 472 4260 644 4311; x_wconf 85' lang='lat' dir='ltr'>Desiderantur</span> <span class='ocrx_word' id='word_1_300' title='bbox 661 4277 716 4311; x_wconf 87' lang='lat' dir='ltr'>eum</span> <span class='ocrx_word' id='word_1_301' title='bbox 733 4261 834 4311; x_wconf 85' lang='lat' dir='ltr'>maxime</span> <span class='ocrx_word' id='word_1_302' title='bbox 851 4260 988 4311; x_wconf 89' lang='lat' dir='ltr'>Voluminis</span> <span class='ocrx_word' id='word_1_303' title='bbox 1005 4260 1063 4310; x_wconf 84' lang='lat' dir='ltr'>sexti</span> <span class='ocrx_word' id='word_1_304' title='bbox 1080 4259 1181 4320; x_wconf 87' lang='lat' dir='ltr'>Indices,</span> <span class='ocrx_word' id='word_1_305' title='bbox 1198 4259 1367 4324; x_wconf 86' lang='lat' dir='ltr'>Inscriptionas</span> <span class='ocrx_word' id='word_1_306' title='bbox 1377 4257 1443 4310; x_wconf 87' lang='lat' dir='ltr'>urbis</span> 
     </span>
    </p>
   </div>
   <div class='ocr_carea' id='block_1_6' title="bbox 0 0 1652 5008">
    <p class='ocr_par' dir='ltr' id='par_1_7' title="bbox 0 0 1652 5008">
     <span class='ocr_line' id='line_1_36' title="bbox 0 0 1652 5008; baseline 0 2"><span class='ocrx_word' id='word_1_307' title='bbox 0 0 1652 5008; x_wconf 95' lang='lat' dir='ltr'> </span> 
     </span>
    </p>
   </div>
  </div>
 </body>
</html>
