3274 4998
723 511 787 578 109

173 687 302 754 biscum
324 688 399 776 pari
422 689 556 775 fastigio
580 693 677 770 stare,
703 695 821 755 tamen
846 689 982 756 saeculo
1007 711 1075 776 quo
1087 688 1238 757 vivimus
1253 707 1342 768 „ma-

171 801 375 868 terialismo''
411 802 529 891 (quem
554 801 692 888 vocant)
716 802 851 869 addicto
878 803 991 869 denuo
1014 801 1179 890 pecuniae
1203 799 1269 887 ipsi
1291 799 1342 863 in-

171 915 264 980 hiare
299 916 457 981 homines
491 916 571 981 satis
594 921 744 998 constat;
771 938 875 982 usura
899 939 1007 983 vorax
1031 915 1157 982 multos
1181 912 1341 980 omnibus

171 1027 267 1094 bonis
299 1030 431 1110 evertit,
467 1051 542 1096 acre
567 1036 740 1095 certamen
764 1035 881 1095 ortum
904 1036 954 1096 est
978 1031 1147 1096 intereos
1171 1028 1337 1116 quirem,

170 1148 202 1208 et
234 1164 292 1208 eos
327 1143 389 1231 qui
411 1165 552 1230 operam
579 1144 768 1225 conferunt,
793 1144 975 1210 conductio
1000 1164 1146 1230 operum
1169 1148 1203 1208 et
1225 1162 1341 1206 rerum

170 1256 327 1322 omnium
360 1257 565 1324 commercia
597 1258 666 1323 fere
701 1257 739 1322 in
761 1279 953 1343 paucorum
977 1263 1183 1344 potestatem
1205 1256 1342 1321 redacta

168 1375 256 1451 sunt,
295 1370 345 1436 ita
378 1376 417 1436 ut
450 1370 602 1458 opulenti
640 1392 679 1436 ac
713 1371 920 1457 praedivites
956 1370 1123 1458 perpauci
1148 1390 1253 1456 prope
1278 1389 1343 1434 ser-

167 1483 233 1551 vile
277 1483 400 1569 iugum
433 1485 587 1550 infinitae
622 1483 884 1571 proletariorum
918 1483 1138 1550 multitudini
1172 1483 1343 1569 imposue-

169 1597 246 1668 rint.
273 1595 299 1685 ¹)
344 1598 440 1664 Num
462 1597 615 1664 alienum
638 1605 689 1664 est
711 1598 767 1664 hic
792 1599 829 1663 in
853 1598 1057 1664 memoriam
1077 1617 1236 1664 revocare
1250 1616 1344 1682 prac-

170 1710 261 1777 clara
283 1710 344 1776 illa
366 1710 472 1778 verba
495 1733 582 1798 quae
606 1712 799 1799 antiquitus
825 1712 958 1798 scripsit
980 1710 1206 1778 Aristoteles?
1239 1709 1345 1795 Equi·

171 1825 249 1890 dem
287 1825 405 1909 magni
440 1825 588 1907 fecerim,
609 1826 652 1896 ¹si
688 1826 846 1892 homines
876 1847 1009 1892 morem
1031 1825 1131 1890 illum
1154 1823 1286 1890 abicere
1310 1828 1344 1888 et

170 1937 279 2005 velint
313 1943 347 2004 et
379 1939 509 2026 possint
532 1960 599 2026 quo
623 1939 702 2004 ficta
724 1939 832 2026 pretia
855 1945 1021 2021 coemant,
1049 1944 1185 2005 tantum
1208 1942 1247 2002 ut
1270 1935 1344 2023 plu·

171 2052 216 2117 ris
250 2057 369 2139 postea
403 2052 566 2120 vendant.
613 2052 715 2131 Quod
737 2053 901 2119 facientes
925 2053 952 2118 si
975 2074 1046 2118 una
1068 2058 1211 2117 naturae
1235 2050 1344 2135 magis

172 2165 417 2233 convenienter
437 2203 482 2216 -
505 2174 544 2233 ut
566 2166 603 2231 in
626 2167 716 2252 agris
739 2167 891 2233 colendis
913 2205 957 2215 —
980 2166 1143 2252 pecunias
1167 2164 1342 2246 collocent,

172 2300 250 2345 mea
284 2279 426 2366 quidem
449 2279 609 2366 opinione
633 2302 686 2346 res
710 2279 927 2367 aliquantum
949 2279 1064 2345 minus
1087 2278 1231 2344 afflictae
1255 2279 1344 2344 futu-

173 2415 230 2459 rae
254 2393 332 2458 sint.
357 2391 384 2479 9)

216 2507 295 2572 Iam
318 2507 362 2573 ad
387 2507 561 2574 Romanos
584 2513 807 2576 revertamur.
854 2508 950 2587 Quae
975 2508 1019 2574 ad
1043 2529 1184 2575 omnam
1200 2507 1347 2594 antiqui·

174 2626 282 2688 tatem
315 2621 497 2707 pertinent,
533 2642 573 2688 ea
602 2644 673 2688 non
696 2622 839 2688 minime
863 2601 991 2688 cadunt
1013 2622 1051 2686 in
1075 2622 1259 2704 Romanos
1286 2621 1346 2708 qui

178 2735 348 2816 ,maxime
383 2756 445 2801 sua
467 2757 537 2802 esse
557 2735 741 2802 credebant
764 2758 851 2824 quae
875 2758 919 2802 ex
941 2735 1095 2802 hostibus
1107 2735 1305 2823 cepissent.''
1319 2733 1345 2821 ³)

175 2848 356 2928 Quomodo
378 2849 515 2917 divitias
537 2849 602 2915 sibi
614 2849 846 2935 colligebant?
869 2849 982 2915 Facile
997 2850 1040 2916 ad
1052 2871 1215 2916 nummos
1228 2870 1345 2936 perve-

175 2962 317 3029 niebant
340 2963 401 3050 qui
423 2962 493 3030 sive
517 2964 736 3048 magistratus
747 2963 773 3052 4)
797 2964 867 3031 sive
881 2963 1058 3050 publicani
1073 2961 1096 3051 ⁵)
1109 2964 1146 3029 in
1159 2963 1345 3050 provinciis

176 3082 426 3144 commorantes
451 3082 488 3142 ut
509 3077 558 3143 ita
581 3077 695 3143 dicam
718 3078 923 3162 sanguinem
944 3076 1128 3143 mittebant
1153 3077 1284 3142 miseris
1295 3077 1345 3141 in·

178 3191 321 3277 digenis,
347 3191 407 3278 qui
430 3191 526 3258 varia
549 3191 714 3278 pecuniae
732 3191 869 3276 negotia
880 3190 1055 3276 gerebant,
1071 3189 1098 3278 8)
1111 3191 1171 3278 qui
1183 3190 1345 3277 pecunias

213 3421 230 3483 1)
248 3421 285 3470 Cf.
302 3420 389 3470 Leonis
406 3419 483 3484 Papae
499 3419 560 3468 XIII
576 3419 628 3468 Litt
651 3418 749 3484 Enoycl.
768 3420 802 3469 Dc
819 3418 893 3468 Cond.
912 3419 977 3482 Opis.
996 3418 1048 3482 (Ed.
1066 3418 1174 3484 Friburg.
1193 3436 1244 3485 pag.
1263 3422 1296 3482 9).

210 3505 230 3562 ἲ)
247 3504 328 3554 Etiam
357 3501 522 3568 „Socialismi”
540 3502 661 3552 columina
677 3502 765 3565 (Marx)
782 3504 811 3552 ad
828 3502 981 3552 Aristotelem
998 3502 1074 3552 redire
1090 3503 1157 3552 docet
1174 3504 1278 3562 Schitfflc,
1296 3504 1347 3554 Bau

178 3589 228 3638 und
245 3587 324 3636 Leben
340 3587 381 3636 des
398 3585 500 3635 socialen
517 3587 626 3651 Kiirpcrs,
643 3586 656 3634 I
673 3602 724 3650 pag.
744 3586 793 3635 254

209 3670 230 3732 θ)
247 3670 321 3720 Gaius
336 3671 397 3720 Inst.
414 3671 456 3728 lv,
475 3670 514 3720 16.

210 3756 230 3817 ⁴)
248 3755 298 3804 Cic.
315 3755 352 3803 De
369 3753 431 3818 Imp.
449 3753 494 3802 Cn.
511 3753 596 3818 Pomp.
615 3753 654 3811 22,
673 3753 703 3801 65
718 3772 723 3800 :
743 3752 861 3818 „Difficile
877 3756 912 3802 est
929 3753 1001 3812 dictu,
1019 3752 1134 3817 Quirites,
1152 3756 1240 3817 quanto
1257 3753 1347 3804 inodio

178 3839 253 3889 simus
269 3837 333 3902 apud
350 3839 439 3886 exteras
455 3836 563 3885 nationes
580 3840 675 3901 propter
692 3852 781 3894 eorum,
798 3853 857 3900 quos
873 3837 903 3886 sd
920 3853 957 3885 aas
974 3851 1016 3900 per
1033 3836 1075 3885 hos
1091 3852 1166 3886 annos
1182 3838 1346 3902 cumimperio

178 3923 297 3980 misimus,
315 3919 430 3970 libidines
446 3927 470 3969 ct
486 3919 616 3990 iniurius.'’¹

211 4007 230 4067 ι)
247 4005 301 4054 Liv.
318 4003 389 4061 XLV,
408 4003 448 4062 18,
465 4004 496 4051 4:
515 4002 579 4067 ,Ubi
594 4001 736 4067 publicanus
752 4005 793 4059 est,
811 4002 846 4050 ibi
863 4006 904 4052 sut
921 4002 958 4051 ius
975 4001 1099 4067 publicum
1115 4019 1204 4053 vanum
1221 4007 1263 4054 aut
1276 4004 1347 4056 liber·

176 4094 249 4141 tatem
266 4087 336 4138 sociis
353 4086 446 4136 nullam
463 4085 536 4135 csse.”

210 4175 230 4236 ⁸)
248 4172 296 4240 Qui
314 4171 402 4221 diversi
419 4170 512 4235 generis
529 4185 639 4220 nummos
656 4168 828 4234 permutabant,
846 4171 869 4218 ct
885 4168 1031 4234 accipiebant
1047 4171 1172 4235 pecuniam
1183 4177 1206 4222 et
1222 4172 1347 4237 erogabant

177 4272 220 4326 per
250 4258 330 4322 partes
354 4253 420 4318 (Dig.
445 4253 479 4313 11,
497 4253 537 4312 13,
554 4253 577 4311 9,
596 4254 627 4315 2),
645 4268 686 4319 per
703 4267 808 4304 mensam
825 4255 949 4317 argentum
966 4254 1058 4304 credere
1075 4254 1181 4306 solebant
1196 4256 1226 4305 ad
1243 4272 1347 4316 usuram,
