3274 4998
809 527 873 593 150
942 536 945 540 ’

258 703 433 788 Augusto:
462 703 552 783 „Nec
577 704 707 772 minore
730 705 897 790 gravitate
922 709 1025 792 atque
1046 703 1246 782 constantia,
1259 725 1340 770 cum
1353 724 1429 791 pro·

257 816 366 903 posito
410 817 584 902 congiario
624 817 750 884 multos
784 817 1012 884 manumissos
1046 817 1260 904 insertosque
1296 816 1427 883 civium

257 950 401 996 numero
434 931 662 1017 comperisset,
689 932 830 1016 negavit
852 936 1049 1018 accepturos
1073 930 1198 1018 quibus
1221 930 1428 1018 promissum

257 1063 326 1108 non
358 1049 453 1124 esset,
478 1043 665 1130 ceterisque
689 1045 804 1110 minus
828 1066 933 1131 quam
957 1044 1160 1131 promiserat
1183 1044 1286 1124 dedit,
1311 1048 1350 1108 ut
1373 1042 1429 1108 de·

257 1155 381 1222 stinata
404 1177 540 1222 summa
551 1157 751 1224 sufficeret.'’
766 1155 791 1244 ¹)
815 1158 997 1243 Congiaria
1009 1157 1180 1244 siquidem
1194 1157 1429 1224 additamenta

257 1275 355 1336 erant
387 1269 431 1335 ad
465 1270 757 1353 frumentationes,
782 1270 822 1358 ³)
847 1271 942 1338 locus
964 1271 1026 1337 isto
1052 1271 1132 1337 satis
1155 1269 1277 1358 probat
1301 1270 1361 1357 qui
1384 1268 1428 1335 ab

255 1381 412 1468 Augusto
425 1381 689 1450 excluderentur
701 1406 758 1450 eos
771 1405 931 1470 maguam
945 1391 1078 1472 partem
1090 1385 1191 1450 fuisse
1205 1383 1391 1450 libertinos.
1401 1380 1428 1468 ³)

256 1495 302 1560 6⁰.
338 1496 457 1564 Unum
491 1496 572 1562 addi
606 1503 726 1584 potest.
771 1498 873 1564 Inter·
905 1499 995 1565 viros
1018 1498 1134 1565 doctos
1157 1503 1311 1564 constare
1335 1496 1429 1563 vide·

256 1614 313 1674 tur
335 1609 361 1696 ⁴)
384 1609 582 1695 Augustum
605 1612 732 1698 pariter
745 1633 784 1678 ao
798 1613 978 1695 Gaesarem
990 1612 1027 1677 in
1039 1612 1297 1678 demortuorum
1311 1609 1425 1676 locum

255 1721 532 1790 subsortitionem
560 1723 635 1790 fieri
657 1725 801 1792 iussisse.
826 1727 876 1792 De
900 1725 961 1791 tali
984 1747 1020 1792 re
1044 1731 1160 1791 tamen
1183 1723 1276 1811 apud
1289 1723 1429 1810 scripto·

253 1943 326 1990 gegen
351 1927 396 1976 den
422 1944 468 1976 von
493 1928 539 1976 den
559 1929 725 1994 Topcgraphen
744 1930 816 1978 Roma
833 1933 885 1988 eta,
902 1929 919 1978 l.
937 1929 955 1978 l.
973 1945 1025 1994 pag.
1043 1929 1058 1978 3
1076 1946 1132 1993 seq.
1150 1929 1217 1993 quasi
1235 1927 1302 1993 plebs
1318 1928 1426 1976 Romana

254 2009 326 2058 luerit
352 2010 405 2074 „die
430 2010 464 2075 pl.
490 2011 530 2060 der
556 2012 744 2070 Gesammtstadt,
771 2029 844 2076 usque
869 2013 898 2061 ad
923 2017 1025 2061 extrema
1050 2017 1166 2061 tectorum
1184 2040 1215 2049 —
1233 2011 1290 2068 also.
1319 2027 1345 2059 so
1373 2011 1429 2058 weit

254 2093 315 2140 Rom
339 2093 374 2140 im
400 2095 495 2142 weitern
520 2095 579 2142 Sinn
606 2095 701 2153 reiebts,
727 2095 775 2132 -'’
800 2096 892 2144 urbana
919 2112 973 2144 vero
992 2096 1045 2160 „die
1062 2095 1130 2160 plebs
1149 2111 1195 2143 nur
1211 2096 1252 2143 der
1269 2093 1428 2157 eigentlichen

255 2175 318 2232 urbs,
344 2177 386 2224 der
410 2177 484 2226 Βοιιιιι
509 2193 577 2226 muro
601 2178 685 2236 cincta,
712 2179 751 2227 der
777 2178 933 2226 Binnenstadt
957 2179 996 2226 fur
1021 2178 1072 2226 sich
1098 2178 1159 2226 ohne
1184 2178 1222 2226 die
1249 2175 1427 2225 Aussenstsdt.”

254 2259 284 2307 In
309 2259 341 2307 iis
365 2275 425 2322 quae
450 2260 539 2324 promit
556 2260 583 2322 (l.
601 2260 618 2308 1.
635 2276 687 2325 pag.
707 2261 739 2310 20
757 2265 813 2324 seq.)
832 2261 869 2309 bis
886 2264 953 2310 erret.
988 2261 1061 2309 Docet
1075 2261 1139 2308 enim
1158 2261 1245 2308 Graeca
1263 2259 1339 2308 versio
1355 2275 1426 2322 quam

254 2341 332 2406 inepte
357 2343 401 2390 hoc
426 2343 478 2406 ipso
503 2343 653 2392 Monumenti
680 2345 800 2408 Ancyrsni
827 2343 878 2392 loco
906 2344 966 2406 (Lat.
986 2345 1008 2400 3,
1028 2343 1068 2400 14)
1095 2359 1137 2407 pro
1167 2343 1329 2408 „[honu]num
1347 2341 1428 2389 millia

254 2441 274 2474 e.
292 2441 314 2488 q.
333 2424 368 2474 s.'’
387 2425 456 2490 „[au.
475 2425 512 2474 vel
530 2443 582 2475 aur.
599 2427 733 2491 num]mum
752 2427 831 2475 millia
848 2443 971 2490 nunquam
989 2427 1070 2474 minus
1087 2426 1260 2490 quinquaginta
1277 2423 1426 2473 etduoenta”

254 2507 300 2572 legi
326 2507 412 2557 iubeat.
446 2508 528 2572 Neque
553 2497 650 2574 propius
672 2509 738 2558 abest
759 2526 772 2558 a
795 2526 850 2558 vero
867 2526 920 2558 cum
939 2509 1038 2558 ducenta
1055 2509 1227 2573 quinquaginta
1244 2507 1313 2556 milia
1329 2522 1426 2555 aureum

254 2607 378 2640 nummum
396 2591 437 2640 HS
454 2591 491 2640 bis
508 2591 587 2641 milies
604 2592 753 2656 quingenties
769 2594 844 2641 iacere
861 2593 982 2642 contendit
1000 2619 1031 2629 -
1050 2592 1139 2664 laniunt
1158 2592 1197 2640 HS
1215 2590 1338 2639 ducenties
1356 2590 1427 2654 quin·

254 2674 364 2738 qnagiesl
391 2702 423 2711 -
448 2674 554 2739 falsoque
587 2675 631 2724 illo
658 2691 757 2724 numero
784 2692 839 2724 usus
865 2675 958 2740 plebem
987 2676 1115 2724 Romanam
1141 2675 1213 2739 paulo
1243 2673 1298 2738 plus
1325 2677 1428 2722 sescenta

254 2756 323 2805 milia
340 2757 444 2822 capitum
461 2757 594 2806 arbitratur.
612 2785 644 2794 -
662 2758 776 2806 Omittere
791 2757 847 2807 nolo
864 2759 940 2822 ipsam
950 2757 1017 2806 illam
1028 2757 1297 2822 eloquendi-varietatem
1307 2756 1429 2804 esseinter

253 2845 398 2904 argumenta,
416 2840 503 2905 quibus
520 2841 610 2890 nitatur
627 2841 664 2889 vir
681 2847 771 2890 nostras
788 2842 811 2889 J.
830 2841 866 2890 W.
884 2842 955 2898 Beck,
973 2845 1000 2890 ut
1017 2842 1077 2890 hane
1094 2841 1235 2890 sententiam
1252 2843 1428 2888 controversam

255 2923 370 2972 subiciat:
397 2923 459 2982 „111.
486 2923 668 2972 Monumentum
685 2925 839 2988 Anoyronum
856 2940 884 2972 ex
901 2925 999 2992 optimis
1016 2923 1122 2972 fontibus
1140 2940 1190 2972 esse
1208 2922 1332 2972 collectum
1350 2921 1428 2970 mani·

253 3007 340 3054 festum
358 3010 408 3065 eat;
426 3007 488 3056 inter
504 3023 543 3055 eos
559 3008 635 3056 fontes
651 3006 724 3055 fuisse
741 3007 852 3056 libellum
869 3007 907 3056 vel
925 3006 1020 3055 libellos
1037 3006 1065 3056 ab
1078 3004 1428 3070 Augustoconscriptosproba·

254 3089 303 3137 bile
320 3093 369 3138 est:
387 3089 451 3138 hunc
468 3091 664 3139 commentarium
681 3090 710 3138 ab
727 3090 780 3154 ipso
801 3091 909 3154 Augusto
923 3106 972 3138 esse
981 3091 1138 3154 compositum
1147 3088 1289 3138 dubitationi
1298 3087 1428 3137 obnoxium

254 3172 315 3221 est.''
350 3173 386 3222 Of.
413 3173 483 3230 Beck,
508 3174 544 3222 De
563 3173 720 3222 Monumento
738 3174 870 3238 Ancyrano,
887 3173 913 3222 in
931 3173 1048 3222 Mnemos.
1065 3173 1096 3222 N.
1114 3173 1137 3222 S.
1155 3172 1208 3221 Vol.
1226 3169 1291 3220 XXV
1307 3187 1360 3236 pag.
1379 3171 1427 3219 353

255 3259 278 3304 et
294 3256 371 3304 XXVI
388 3273 440 3322 pag.
458 3257 514 3310 247.

285 3343 306 3398 1)
345 3340 407 3389 Suet.
425 3341 485 3403 Aug.
504 3341 544 3390 42.

288 3423 310 3482 ¹)
344 3422 381 3471 Cf.
408 3422 520 3472 Momms.
546 3423 615 3472 Rs'im.
641 3423 706 3472 'l'rib
732 3438 784 3488 pag.
812 3423 867 3471 195.
902 3421 979 3470 Aliter
1002 3422 1096 3486 quidem
1116 3421 1255 3470 Rodhertus.
1289 3421 1325 3468 De
1343 3421 1385 3468 bae
1403 3437 1427 3468 re

255 3505 330 3554 dicam
348 3505 374 3553 in
391 3505 499 3569 proximo
516 3506 597 3569 eapite.

287 3587 308 3648 ³)
342 3587 463 3652 Quantum
481 3587 554 3652 igitur
571 3588 916 3652 equidem-iudiearepossum
935 3587 1008 3636 nimis
1026 3587 1157 3637 violentum
1176 3592 1211 3636 est
1227 3585 1426 3635 dicerelrurnenti

254 3671 390 3735 largitiones
406 3673 435 3720 ad
446 3688 485 3720 eos
502 3687 594 3735 quoque
611 3671 754 3735 pertinuisse
771 3671 811 3735 qui
826 3671 933 3719 libertini
952 3675 1045 3720 tantum
1057 3671 1206 3720 essentnibil
1216 3669 1327 3732 amplius.
1348 3669 1426 3732 Quum

255 3755 393 3804 sententiam
409 3759 488 3803 tamen
506 3753 575 3803 multi
593 3754 640 3802 viri
657 3754 720 3803 docti
737 3754 798 3802 tueri
816 3754 935 3810 videntur,
955 3759 981 3804 ut
997 3754 1136 3818 Marquardt
1151 3753 1215 3814 (StV.
1233 3752 1272 3800 112
1289 3769 1341 3817 pag.
1361 3753 1427 3813 119),

255 3839 389 3887 Mommsen
407 3839 471 3900 (StR.
489 3838 529 3886 III
546 3853 598 3902 pag.
617 3839 665 3886 440
684 3854 740 3902 seq,
759 3839 806 3885 445
825 3842 906 3901 seqq).
940 3839 965 3886 Is
982 3843 1049 3902 putat
1068 3837 1191 3885 libertinos
1209 3837 1264 3884 inde
1280 3835 1427 3899 sbAugusto

254 3920 331 3968 tribus
356 3921 460 3980 nomine,
486 3921 502 3969 i.
520 3937 539 3968 s.
567 3921 685 3984 suffragio,
715 3921 825 3979 caruisse,
852 3921 945 3969 eosdem
963 3937 1018 3968 vero
1032 3921 1104 3968 luisse
1122 3920 1148 3967 in
1165 3919 1275 3968 tribubus
1293 3935 1352 3982 quas
1370 3919 1429 3967 dicit

254 4002 331 4067 plebis
348 4003 520 4052 frumentariae.
555 4003 590 4052 De
607 4004 650 4052 hac
667 4003 801 4068 quaestione
818 4003 880 4052 infra
896 4003 966 4067 plura
983 4004 1089 4052 dicturus
1107 4019 1168 4060 sum,
1179 4001 1219 4050 ubi
1229 4003 1427 4066 agamdenaturs

253 4085 368 4143 tribuum,
386 4103 439 4134 curn
457 4086 566 4136 Caesares
583 4087 678 4152 imperii
697 4103 814 4136 summam
831 4087 947 4135 tenebunt.

287 4171 307 4230 ⁴)
341 4169 499 4233 Exeipiendus
520 4175 556 4219 est
572 4171 710 4220 Radbertus.
731 4170 986 4228 videsomnis.
1004 4170 1027 4220 d.
1046 4169 1135 4219 Saehw.
1152 4169 1193 4218 des
1211 4167 1296 4218 Geldes
1313 4168 1348 4217 im
1367 4168 1426 4228 alt,

253 4253 271 4304 l.
290 4252 308 4303 l.
325 4253 380 4302 adn.
399 4251 430 4301 al
449 4255 510 4317 (pag.
528 4251 594 4314 892).
