3296 5008
836 504 901 568 286

377 683 524 765 „Fabius
563 683 598 748 in
646 682 814 748 honorem
861 681 990 768 patriae
1026 683 1264 767 paupertatem
1299 678 1416 766 inopia

332 795 516 864 mutauit.''
1047 813 1050 824 ’
1093 815 1095 822 ’

335 1025 366 1091 d.
412 1044 602 1092 arnumcus.

329 1137 429 1217 Quod
459 1139 582 1204 attinet
615 1137 659 1204 ad
694 1136 911 1205 vocabulum
945 1157 1069 1222 parum
1092 1135 1267 1216 usitatum,
1293 1113 1386 1222 quod
1410 1137 1462 1200 est
1528 1194 1531 1198 .

285 1252 455 1333 mendicus,
480 1252 574 1337 origo
598 1251 671 1318 eius
694 1250 793 1317 nobis
820 1271 890 1316 non
914 1249 1225 1336 multum-prodest
1237 1247 1279 1314 ad
1293 1247 1463 1333 significa·
1553 1287 1560 1291 -

285 1365 415 1432 tionem
442 1364 703 1432 enucleandam.
728 1363 753 1444 ¹)
778 1365 936 1432 Vanicek
963 1362 989 1450 ²)
1013 1363 1162 1430 aradice
1182 1385 1246 1444 1110,
1259 1363 1316 1444 mi,
1330 1362 1460 1447 (Germ.

285 1478 446 1564 mamm)
482 1478 713 1544 derivandum
736 1499 813 1544 esse
838 1477 946 1544 docet.
993 1477 1094 1556 Quod
1117 1497 1197 1544 vero
1221 1476 1265 1542 ad
1289 1497 1391 1542 usum
1414 1481 1469 1541 at-'

285 1592 381 1673 tinet,
418 1591 597 1659 mendicus
626 1598 676 1658 est
698 1592 736 1670 is,
762 1592 823 1679 qui
847 1591 890 1657 ad
914 1612 1091 1658 summam
1114 1589 1268 1677 inopiam
1292 1589 1460 1670 redactus

286 1705 377 1771 circa
412 1705 531 1772 domos
565 1711 599 1771 et
633 1705 707 1771 vias
741 1705 868 1792 stipem
903 1703 1033 1771 orando
1058 1724 1221 1791 quaerere
1246 1710 1382 1771 coactus
1405 1702 1459 1770 sit.

287 1819 364 1885 Hoc
391 1819 419 1884 si
442 1825 608 1900 tenemua
632 1819 771 1884 1110011101
793 1818 870 1885 voci
893 1818 1001 1884 etiam
1025 1818 1190 1884 maiorem
1214 1817 1287 1885 vim
1310 1816 1461 1884 tribuen·
1546 1809 1549 1819 ¹

288 1931 369 1998 dam
401 1954 471 1998 esse
507 1938 601 2018 patet
641 1952 746 2020 quam
769 1933 895 2018 epactis.
942 1932 1058 1998 Pauca
1076 1930 1237 2018 exempla
1259 1938 1459 2018 sequuntur.

335 2045 404 2112 Oic.
429 2045 552 2112 Parad.
578 2049 608 2127 c,
633 2047 676 2112 45
700 2046 771 2112 iam
795 2045 903 2117 attuli
927 2067 1005 2133 pag.
1029 2046 1105 2112 282.

335 2159 433 2226 Catil.
457 2160 518 2241 IV,
543 2160 574 2241 5,
601 2160 663 2226 10:

384 2273 450 2353 „Ut
473 2273 586 2340 omnis
609 2273 716 2338 animi
739 2273 910 2339 cruciatus
933 2279 967 2340 et
989 2273 1140 2361 corporis
1164 2273 1269 2340 etiam
1287 2279 1417 2360 egestas

336 2408 375 2453 ac
399 2387 602 2453 mendicitas
622 2386 884 2474 consequatur.''

336 2500 406 2566 Cic.
429 2501 481 2567 De
504 2500 582 2565 Fin.
606 2501 649 2579 V,
674 2501 727 2582 28,
752 2502 816 2566 84:
863 2577 876 2588 ,

384 2614 592 2702 „Paupertas
614 2614 642 2681 si
666 2613 798 2680 malum
820 2620 880 2696 est,
905 2614 1083 2681 mendicus
1098 2636 1168 2681 esse
1181 2614 1416 2681 beatusnemo

336 2727 478 2814 potest.'’

292 2841 343 2906 De
367 2841 432 2908 hoc
456 2841 578 2908 ultimo
602 2841 676 2909 loco
700 2842 894 2908 notandum
917 2848 967 2908 est
982 2841 1157 2924 vocabulo,
1172 2843 1265 2930 quod
1279 2843 1461 2909 0310100111

292 2976 354 3036 cas,
381 2976 512 3036 vocem,
537 2977 624 3042 quae
648 2962 698 3021 est
717 2963 900 3042 pauperina,
914 2956 1168 3040 angustioribus
1181 2956 1307 3022 finibus
1319 2956 1460 3028 includi.

292 3067 402 3133 Simul
438 3090 519 3134 vero
554 3068 765 3135 corroborari
800 3077 951 3155 apparet,
989 3069 1017 3135 si
1055 3090 1134 3135 cum
1157 3091 1197 3135 ea
1220 3091 1461 3156 comparamus

293 3202 380 3268 quae
404 3189 615 3269 sequuntur:
643 3182 786 3262 „Dolore
810 3183 943 3248 malum
967 3189 1035 3264 est;
1061 3183 1098 3247 in
1111 3204 1249 3250 crucem
1262 3184 1322 3271 qui
1336 3184 1459 3269 agitur,

292 3294 412 3361 beatus
446 3317 516 3361 esse
551 3317 621 3361 non
656 3296 799 3382 potest.’'
845 3297 887 3362 In
919 3297 973 3362 his
997 3296 1110 3363 verbis
1133 3297 1216 3364 item
1243 3298 1299 3378 „in
1323 3319 1459 3364 crucem

291 3409 369 3493 agi’'
404 3409 514 3494 magis
546 3416 737 3475 coartatum
761 3417 820 3492 est,
846 3411 1005 3497 quamvis
1028 3417 1062 3476 et
1085 3411 1324 3478 vehementius
1355 3433 1460 3499 quam

294 3521 460 3603 „dolere”

334 3772 359 3815 e.
405 3770 540 3817 rarum.

339 3863 456 3929 Tenuis
489 3863 637 3950 denique
677 3864 885 3932 vocabulum
920 3871 979 3944 est,
1009 3865 1102 3952 quod
1124 3865 1287 3932 latissime
1311 3871 1405 3952 patet
1428 3872 1462 3932 et

324 4060 343 4119 ¹)
377 4057 477 4108 Nullius
506 4060 576 4124 pretti
603 4061 1106 4122 011101101111101111.Ι1.11,17,921
1126 4063 1267 4128 „Mendicus
1284 4080 1298 4112 a
1314 4063 1403 4123 minus,
1421 4063 1460 4111 oui

289 4157 358 4204 quam
377 4158 436 4206 opus
453 4139 490 4192 cst
505 4143 585 4192 miuus
604 4143 695 4209 [nullo]
714 4146 772 4195 est.'’

321 4224 341 4288 ¹)
375 4243 397 4275 o.
414 4225 432 4276 l.
