3206 5004
826 481 865 542 lo

300 659 388 726 Mihi
412 659 571 746 proposui
595 658 680 724 duos
703 655 848 722 seribere
873 654 986 736 libros,
1013 671 1159 741 quorum
1184 653 1290 720 altero
1314 651 1431 719 dicam

256 793 336 838 oum
369 773 411 838 de
446 771 539 838 eivili
570 773 805 836 Romanorum
830 769 1086 850 communitate,
1111 775 1185 833 tum
1211 767 1362 833 maxime
1386 765 1429 830 de

256 885 338 972 ipsis
376 883 585 972 pauperibus
634 905 823 970 eorumque
870 882 1069 948 condicione
1115 881 1151 948 iu
1198 881 1280 948 urbe
1317 879 1429 946 Roma

257 1019 318 1086 per
348 999 443 1066 varia
466 991 641 1085 tempora,'
656 997 780 1084 quibus
803 996 894 1062 stetit
915 995 1069 1060 Romana
1095 1017 1162 1074 res;
1199 994 1305 1062 altero
1327 1015 1430 1078 agam

257 1109 299 1178 de
332 1112 383 1193 iis,
420 1113 480 1200 qui
519 1121 557 1177 ut
592 1132 785 1198 pauperum
816 1109 1053 1176 condicionem
1077 1107 1255 1176 meliorem
1279 1109 1430 1173 iacerent

258 1245 398 1312 operam
426 1225 603 1290 dederunt.
650 1225 739 1303 Quia
763 1231 879 1288 auteur
902 1221 943 1288 de
968 1244 1082 1289 rerum
1107 1221 1343 1288 Romanarum
1366 1219 1432 1284 ini·

258 1339 305 1404 tio
340 1339 454 1404 minus
488 1337 623 1420 singula
647 1339 736 1402 saeta
755 1359 860 1424 quma
885 1336 1040 1402 notiones
1065 1335 1243 1402 universae
1269 1333 1430 1400 historiae

258 1451 339 1518 fide·
359 1451 527 1536 obligatae
562 1458 651 1532 suut,
687 1451 805 1538 priscis
839 1448 906 1514 illis
940 1449 1152 1536 temporibus
1188 1449 1224 1514 iu
1260 1447 1431 1535 priore

258 1563 346 1631 libro
376 1564 470 1632 locus
492 1586 562 1630 esse
588 1564 674 1629 mihi
698 1563 844 1644 videtur,
869 1561 1040 1650 pauloque
1066 1559 1196 1628 diutius
1219 1561 1255 1626 in
1278 1561 1320 1628 iis
1340 1581 1432 1626 eorn-

262 1678 430 1760 morabor,
460 1679 541 1766 quia
564 1679 749 1764 posteriora
773 1677 980 1764 quibusdam
1004 1675 1175 1742 radicibus
1198 1674 1337 1741 illorum
1361 1695 1433 1739 sae-

260 1792 415 1858 oulorum
450 1793 609 1858 nituntur
642 1791 786 1878 ideoque
822 1789 971 1877 quodam
1006 1789 1108 1855 modo
1142 1809 1185 1854 ex
1220 1788 1286 1854 illis
1315 1787 1431 1854 lucem

263 1907 415 1992 aooipero
451 1906 604 1992 putanda
638 1913 727 1970 sunt.
774 1905 870 1983 Quae
895 1911 1013 1969 contra
1037 1903 1163 1968 scimus
1186 1902 1227 1968 de
1252 1902 1325 1989 ipsa
1348 1923 1433 1966 cura

262 2019 438 2104 egentium
460 2041 540 2084 oum
565 2019 714 2084 maxime
739 2019 910 2105 pertinent
933 2017 977 2083 ad
989 2017 1149 2082 inferiora
1161 2023 1325 2103 tempora,
1349 2013 1433 2082 Cae-

262 2203 359 2252 Διοωῑο
385 2202 491 2267 pontifici
518 2201 623 2251 Galatiae
649 2202 703 2266 (up.
730 2201 828 2260 xtlxt:
849 2197 901 2262 ,Τι’
921 2183 968 2254 οὖν
988 2196 1071 2270 ἡμεῖς
1082 2193 1206 2270 οἰόμεθα
1218 2199 1314 2253 ταῦτα
1325 2191 1430 2268 ἀρκεῖν,

263 2286 326 2350 οὐδὲ
346 2289 575 2366 ἀποβλέπομεν,
597 2290 635 2360 ὡς
664 2291 803 2366 μάλιστα
825 2290 879 2356 τὴν
899 2290 1054 2360 ἀθεὲτητα
1070 2287 1433 2370 συνηύξησενὴπερὶτους

262 2383 359 2465 ξένους
388 2391 592 2467 φιλανθρωπία
623 2386 672 2449 καί
702 2388 719 2456 ἡ
751 2385 816 2461 περὶ
845 2386 901 2456 τὰς
932 2385 1029 2463 ταφάς
1055 2393 1114 2446 των
1135 2393 1240 2461 νεκρῶν
1260 2387 1431 2462 προμήθεια

262 2482 310 2544 καὶ
339 2484 357 2551 ἡ
389 2481 591 2558 πεπλασμένη
621 2480 769 2558 σεμνότης
798 2481 879 2544 κατὰ
910 2481 962 2542 τὸν
992 2481 1077 2556 βίους
1110 2473 1148 2541 ὧν
1172 2481 1307 2546 ,ἕκαστον
1338 2483 1432 2560 οἴομαι

263 2587 367 2659 χρῆναι
397 2579 468 2652 παρ’
498 2579 580 2653 ἡμῶν
614 2577 738 2648 ἀληθῶς
767 2575 1002 2649 ἐπιτηδεύεσθαι.
1046 2579 1102 2640 Και
1123 2577 1173 2642 οὐκ
1194 2578 1317 2659 ἀπόχρη
1337 2577 1373 2639 τέ
1392 2576 1430 2639 σὲ

263 2676 351 2750 μόνον
373 2683 439 2733 εῖναι
460 2679 598 2743 τοιοῦτον,
619 2671 701 2732 ἀλλὰ
722 2674 841 2742 πάντας
861 2675 1050 2754 ἁπαξαπλῶς
1062 2673 1122 2734 ἐ’σοι
1132 2674 1197 2750 περί
1210 2674 1265 2742 τὴν
1276 2674 1432 2735 Γαλατίαν

263 2771 334 2830 εἰσὶν
354 2775 433 2845 ἱερεῖς
456 2816 461 2828 .
485 2815 491 2827 .
515 2815 521 2828 .
545 2815 550 2828 .
573 2769 743 2834 Ξενοδοκεῖα
765 2771 840 2831 καθ’
862 2769 993 2842 ὲκάστην
1014 2773 1100 2831 πόλιν
1117 2773 1314 2842 κατάστησον
1325 2773 1431 2841 πυανά,

261 2866 294 2924 ’ἶν’
336 2866 546 2925 ἀπολαύσωσιν
580 2869 604 2924 οἱ
640 2864 714 2944 ξένοι
746 2874 801 2934 τῆς
832 2869 902 2941 παρ’
936 2869 1019 2944 ἡμῶν
1049 2871 1281 2948 φιλανθρωπίας,
1313 2865 1344 2927 οίι
1374 2874 1434 2927 τῶν

262 2961 410 3039 ἡμετέρων
431 2961 528 3038 μένον,
551 2959 632 3019 ἀλλά
653 2960 702 3022 καί
721 2960 823 3020 ἀλλων
844 2960 924 3032 ἵστις
946 2961 981 3022 ἀν
1002 2961 1126 3050 ένδεηθῇ
1137 2965 1311 3044 χρημάτων.
1336 2963 1434 3026 Ὅθεν

263 3055 294 3119 δὲ
315 3057 490 3133 &exoptatio
511 3055 688 3126 ἔπινενὲηταί
707 3078 757 3144 μοι
778 3055 859 3127 τέως.
880 3058 1009 3121 ἑκάστου
1029 3059 1091 3135 γὰρ
1113 3057 1238 3120 ἐνιαυτοῦ
1249 3063 1434 3137 τρισμυρίους

264 3156 380 3233 μοδίους
411 3154 491 3219 κατὰ
513 3162 616 3214 πᾶσαν
636 3152 690 3218 τὴν
715 3153 871 3213 Γαλατίαν
893 3152 1032 3217 ἐκέλευσα
1053 3156 1176 3222 δοθῆναι
1196 3159 1279 3216 σίτου
1298 3154 1346 3218 καί
1367 3155 1399 3236 ἐξ
1421 3191 1432 3204 -

264 3256 431 3328 κιο-μυρίους
463 3253 533 3311 οὶίιου
558 3250 682 3330 ξέστας·
714 3239 752 3307 ὧν
772 3245 808 3309 τὸ
829 3247 884 3326 μέν
905 3252 1047 3327 πέμπτον
1068 3255 1106 3321 είς
1126 3250 1195 3321 τοὺς
1214 3252 1344 3322 πένητας
1364 3252 1433 3323 τοὺς

264 3359 325 3420 τοῖς
357 3352 473 3422 ἱερεῦσιν
504 3344 751 3422 υπηρετουμένους
772 3344 992 3408 ἀναλίσκεσθαί
1011 3368 1084 3427 φημι
1104 3353 1216 3427 χρῆναι,
1238 3344 1277 3404 τὰ
1298 3342 1330 3406 δέ
1350 3348 1431 3409 ἀλλα

265 3455 327 3516 τοῖς
358 3445 447 3524 ξένοις
477 3442 526 3506 καί
547 3450 607 3510 τοῖς
638 3446 826 3517 μεταιτοῡσιν
856 3439 1050 3518 ἐπινέμεσθαι
1070 3444 1140 3519 παρ’
1162 3445 1253 3517 ἡμῶν.
1301 3443 1432 3525 Αίσχρέν

262 3543 332 3618 γὰρ,
365 3543 390 3600 εί
419 3547 478 3600 τῶν
509 3535 566 3615 μὲν
590 3537 731 3597 Ἰουδαίων
751 3535 839 3607 οίιδείς
859 3549 1003 3614 μεταιτεῖ,
1025 3541 1160 3621 τρέφουσι
1179 3537 1211 3601 δὲ
1231 3545 1256 3599 oi
1275 3539 1433 3618 δυσσεβεῖς

263 3641 417 3701 Γαλιλαῖοι
448 3633 522 3711 πρὸς
557 3643 618 3703 τοῖς
642 3632 751 3693 ἑαυτῶν
772 3634 820 3696 καί
849 3634 917 3704 τοὺς
936 3637 1101 3712 ἡμετέρους,
1124 3641 1147 3697 et
1167 3634 1199 3698 δέ
1219 3637 1354 3713 ἡμέτεροι
1377 3645 1432 3706 της

261 3738 332 3813 παρ’
363 3737 445 3811 ἡμῶν
476 3729 636 3805 ἐπικουρίας
665 3727 765 3798 ἐνδεεῖς
795 3736 949 3809 φαίνονται.
971 3733 1106 3797 Δίδασιιε
1126 3731 1226 3796 δὲκαὶ
1245 3733 1433 3814 συνεισφέρειν

262 3832 329 3901 τους
354 3826 561 3899 Ἑλληνιστάς
592 3826 629 3895 εἰς
657 3825 713 3893 πάς
733 3826 871 3894 τοιαύτας
890 3833 1081 3904 λειτουργίας,
1103 3829 1151 3893 καί
1172 3827 1228 3898 τὰς
1253 3828 1432 3899 Ἑλληνικὰς

261 3929 366 4004 κώμας
387 3924 588 4005 ἀπάρχεσθαι
608 3931 668 3991 τοῖς
689 3927 769 3994 θεοῖς
789 3929 848 3980 τών
868 3933 997 3998 καρπῶν,
1019 3926 1067 3989 καί
1084 3925 1152 3997 τοὺς
1165 3925 1433 3998 Ἑλληνικουςπαῖς

262 4025 410 4092 τοιαάιαις
440 4018 564 4089 εάποίαις
594 4018 756 4097 προσέθιζε
777 4043 796 4074 e.
821 4043 844 4090 q.
871 4026 907 4076 εἶ’
934 4028 970 4077 Οῖ.
997 4029 1069 4077 etiam
1088 4029 1197 4087 Boissier,
1214 4009 1248 4078 Ia
1264 4029 1297 4078 fin
1314 4029 1346 4077 du
1364 4045 1433 4093 pege·

261 4122 345 4179 nieme,
365 4121 378 4170 I
399 4119 526 4184 png.142.
560 4118 614 4179 Ipse
631 4119 702 4167 modo
718 4120 766 4169 iem
784 4119 866 4169 monui
890 4123 952 4184 (pag.
971 4120 995 4179 8)
1013 4121 1157 4184 quantopere
1174 4119 1200 4168 in
1217 4120 1315 4184 antiquo
1332 4119 1433 4183 irnperio

263 4206 369 4256 Romano
386 4202 567 4268 neglegerentur
584 4203 706 4252 commoda
721 4219 803 4252 eorum
820 4202 863 4267 qui
880 4203 943 4251 cives
958 4219 1006 4252 non
1023 4208 1101 4252 essent
