3296 5008
802 496 866 560 264

244 672 328 739 bant
361 679 395 740 et
431 673 487 754 „in
510 694 570 740 ora
592 695 716 740 manus
739 674 968 755 tendebant'';
995 672 1020 761 1)
1044 673 1072 741 si
1097 673 1286 740 orationem
1311 672 1417 739 habe-

244 785 311 867 bat,
359 787 507 872 „grande
551 787 675 873 sophos
714 787 885 854 clamabat
932 787 1032 853 turba
1067 789 1223 872 togata'';
1263 786 1289 871 Β)
1325 787 1417 853 simi-

243 899 299 965 lia.
346 900 378 966 A
412 900 560 966 dominis
593 908 711 966 contra
745 901 879 987 saepius
912 900 950 966 in
981 908 1152 967 extremas
1174 900 1414 987 inauditaeque

244 1012 455 1080 humilitates
477 1012 779 1080 submittebantur.
826 1014 938 1079 Immo
962 1015 1027 1101 ipsi
1051 1015 1140 1080 servi
1163 1014 1205 1080 iis
1228 1013 1351 1100 probra
1364 1014 1415 1078 in·

245 1126 432 1194 tentabant.
479 1126 571 1192 Illud
604 1134 721 1193 autem
755 1127 809 1194 vel
846 1128 997 1194 maxime
1032 1127 1296 1208 intolerandum,
1323 1128 1415 1214 quod

245 1262 314 1306 non
339 1262 414 1307 raro
437 1241 474 1306 in
498 1241 571 1328 ipsa
594 1242 698 1307 ianua
714 1241 856 1308 introitu
869 1241 1149 1328 prohibebantur.
1178 1241 1289 1321 „Illud
1302 1241 1415 1307 adhuc

245 1354 393 1439 gravius,
430 1354 521 1441 quod
556 1361 588 1420 te
623 1362 700 1441 post
736 1355 828 1420 mille
863 1353 1004 1436 labores,
1041 1355 1157 1436 Paule,
1192 1362 1294 1441 negat
1331 1355 1417 1421 lasso

244 1468 369 1534 ianitor
395 1489 465 1534 esse
490 1468 615 1534 domi.''
640 1467 666 1553 ⁸)
713 1469 846 1554 Itaque,
873 1490 916 1535 ne
940 1490 1079 1555 operam
1104 1475 1138 1535 et
1160 1468 1275 1535 oleum
1300 1469 1418 1555 perde·

246 1588 331 1662 rent,
371 1603 414 1647 ne
438 1581 629 1647 nummulis
653 1582 793 1669 quidem
816 1581 1013 1668 parcebant,
1040 1604 1125 1669 quos
1150 1604 1208 1668 per
1240 1604 1418 1648 summum

246 1694 404 1761 sudorem
430 1696 678 1781 quaesiverant.
727 1695 791 1762 Vel
808 1697 835 1760 si
851 1696 961 1762 mavis
976 1695 1149 1762 Iuvenalis
1163 1695 1287 1762 verba:
1306 1695 1417 1776 „Quid

247 1808 317 1886 das,
348 1814 387 1873 ut
421 1809 564 1874 Cossum
585 1808 770 1895 aliquando
795 1809 948 1874 salutes?
996 1810 1042 1876 Ut
1064 1817 1097 1875 te
1121 1809 1279 1895 respiciat
1302 1809 1417 1875 clauso

247 1922 393 1990 Veiento
416 1921 569 1988 labello?
594 1971 801 1989 .......
825 1929 995 2009 praestare
1020 1922 1148 1988 tributa
1165 1923 1306 1989 clientes
1322 1923 1419 2007 Cogi·

248 2056 327 2100 mur
349 2041 383 2100 et
405 2034 505 2101 cultis
528 2056 652 2120 augere
676 2035 810 2122 peculia
833 2037 969 2103 servis.'’
994 2037 1021 2122 4)
1061 2036 1175 2122 Atque
1204 2036 1288 2102 adeo
1311 2058 1329 2101 a
1354 2057 1420 2101 ser·

248 2149 300 2214 vis
334 2148 512 2215 clientium
540 2170 684 2216 munera
707 2150 868 2215 videntur
891 2150 1095 2236 aliquotiens
1118 2151 1219 2216 luisse
1244 2171 1374 2216 aversa.
1395 2150 1419 2235 ⁵)

293 2262 367 2328 Iam
393 2263 578 2349 quaeritur,
606 2285 624 2329 e
648 2270 743 2328 tanta
766 2263 944 2330 sedulitate
970 2285 1139 2350 quosnam
1162 2264 1293 2330 fructus
1316 2262 1419 2329 clien-

249 2383 299 2442 tes
337 2377 510 2462 percipere
533 2376 707 2442 solerent?
756 2377 921 2458 „Fructus
945 2378 1115 2444 amicitiae
1141 2399 1285 2464 maguae
1310 2375 1416 2457 cibus,

249 2490 387 2576 inputat
420 2491 513 2556 hunc
548 2511 618 2571 reX,
654 2491 697 2556 Et
733 2492 892 2577 quamvis
920 2513 1035 2556 rarum
1059 2499 1173 2558 tamen
1199 2491 1367 2578 inputat.’'
1393 2490 1419 2575 Ι)

198 2593 199 2597 “
250 2603 399 2670 Clientes
429 2626 449 2669 a
483 2603 648 2671 divitibus
682 2606 724 2670 ad
753 2627 873 2671 cenam
897 2606 1012 2672 vocari
1036 2606 1172 2671 videtur
1195 2605 1296 2670 luisse
1322 2611 1421 2671 vetus

254 2789 444 2799 -————-

286 2908 306 2968 1)
340 2908 411 2956 Mart.
434 2907 463 2965 X,
491 2908 530 2966 10,
558 2908 597 2958 10.
632 2909 735 2958 Adnotat
760 2909 864 2958 Friedl.:
892 2909 939 2974 „aa
956 2909 988 2958 iat
1008 2925 1038 2958 an
1056 2909 1198 2958 Kussbitnde
1217 2947 1221 2958 .
1242 2946 1248 2958 .
1268 2948 1273 2958 .
1292 2946 1298 2959 .
1316 2909 1351 2958 ale
1368 2909 1421 2957 Bei-

252 2989 436 3055 fallabezeigung
452 3007 482 3039 zu
499 2992 590 3040 denken
600 2991 615 3012 ''

340 3081 411 3131 Mart.
431 3082 472 3140 v1,
489 3083 529 3141 48,
549 3083 572 3132 l.

285 3082 306 3224 :l
340 3165 410 3214 Mart.
438 3166 466 3224 V,
492 3166 531 3225 22,
562 3169 577 3215 9
603 3183 651 3232 seq.
685 3167 752 3216 Alias
773 3169 931 3216 excusationes
954 3167 1038 3215 habeas
1056 3167 1109 3216 Iuv.
1127 3167 1172 3223 ΙΙΙ,
1190 3167 1253 3215 lto:
1274 3167 1336 3232 „Ille
1355 3168 1424 3216 metit

252 3249 357 3308 barbam,
379 3250 468 3298 crinem
487 3250 526 3298 hic
543 3251 639 3315 deponit
655 3251 752 3300 amati.”
769 3251 838 3312 (Vide
855 3251 992 3315 interpretes
1009 3252 1039 3299 ad
1056 3251 1080 3300 b.
1098 3250 1126 3311 l.)
1143 3251 1180 3300 cf.
1201 3251 1272 3299 etiam
1290 3249 1424 3299 Columella

253 3333 282 3382 R.
308 3333 337 3381 R.
363 3333 383 3392 Ι,
411 3334 482 3398 praef.
509 3334 532 3391 9,
560 3334 606 3382 1οι
634 3335 731 3399 „Neque
753 3335 817 3382 enim
835 3335 934 3397 roganti,
952 3335 1009 3398 quid
1026 3340 1107 3397 agatur
1124 3334 1188 3382 intua
1207 3334 1344 3399 respondere
1362 3334 1424 3382 servi

223 3467 225 3472 ,
253 3416 389 3480 dignantur.
423 3418 461 3465 An
487 3403 568 3480 putem
597 3418 740 3466 fortunatius
765 3434 779 3465 a
804 3421 908 3466 cateneto
936 3416 1058 3481 repulsum
1085 3418 1186 3465 ianitore
1208 3433 1275 3480 saepe
1291 3421 1359 3466 nocte
1375 3433 1425 3465 sera

254 3499 344 3548 foribus
361 3499 462 3562 ingratis
478 3499 618 3548 adiacerel”

287 3581 307 3642 ⁴)
341 3581 393 3630 lav.
420 3581 466 3638 ΙΙΙ,
493 3581 540 3630 184
567 3598 629 3647 seqq.
665 3583 749 3632 Plures
770 3582 833 3630 locos
851 3583 905 3630 vide
921 3583 984 3647 apud
1003 3583 1085 3646 Mayor
1101 3583 1130 3631 ad
1150 3583 1171 3630 h.
1190 3581 1217 3641 l.,
1235 3582 1324 3646 quibus
1342 3583 1426 3631 addere

255 3675 328 3724 velim
353 3675 451 3725 Lucian.
469 3675 504 3724 De
521 3677 625 3724 mercede
642 3677 763 3726 conductis
782 3677 828 3724 1οε
858 3663 956 3731 μάλλὰ
978 3669 1095 3732 πολλῆς
1116 3661 1171 3741 μὲν
1185 3671 1240 3733 τῆς
1253 3664 1424 3740 διαδρομῆς,

255 3764 396 3838 συνεχοῦς
416 3754 448 3818 δὲ
468 3766 522 3828 τῆς
536 3763 696 3834 θυραυλίας,
712 3757 791 3820 ἕωθέν
805 3780 839 3819 τε
855 3757 1083 3840 ἓξοινισταμενον
1099 3760 1260 3837 περιμένειν
1270 3760 1427 3837 ὠθούμενον

256 3854 304 3916 καὶ
334 3854 562 3930 ἀποκλειόμενον
592 3856 641 3918 καὶ
666 3855 862 3936 ἀναίσχυντον
883 3854 971 3916 ἕνὶοτε
991 3857 1042 3919 καὶ
1060 3853 1190 3937 ὂχληρέν
1208 3857 1350 3919 δοκοῦντα
1371 3857 1427 3917 ὑπὸ

257 3957 366 4028 θυρωρῷ
395 3959 493 4021 κακῶς
527 3953 680 4030 Συρίζοντι
710 3953 758 4015 καὶ
788 3952 1004 4030 ὀνομακλήτορι
1024 3954 1149 4031 Λιβυκῷ
1171 3955 1359 4030 ταττόμενον
1379 3952 1427 4017 καὶ

259 4049 362 4124 μισθὸν
382 4053 526 4109 τελοῦντα
547 4057 602 4119 τῆς
622 4051 743 4127 μνήμης
763 4056 815 4110 τοῦ
834 4049 1008 4128 dodaci-093²

293 4145 311 4205 Ι)
345 4144 381 4194 Oi.
400 4145 497 4196 Lucian.
516 4145 661 4196 Oronoaolon
680 4147 718 4197 15.

292 4227 312 4290 Ι)
346 4227 400 4278 Iar.
417 4227 446 4289 V,
464 4228 495 4277 14
513 4245 561 4294 seq.
