3296 5008
750 517 814 584 2⁷1

197 691 405 775 ,Amisenos
441 715 589 781 quorum
622 694 780 762 libellum
813 696 979 784 epistulae
1015 701 1094 763 tuae
1129 695 1302 778 iunxeraS,
1338 695 1367 763 si

193 806 326 892 legibus
351 808 504 890 istorum,
530 808 655 897 quibus
678 809 720 877 de
744 811 858 877 offioio
880 811 1025 878 foederis
1049 816 1205 892 utuntur,
1229 831 1366 878 oonoes·

193 943 271 987 sum
292 927 342 988 est
365 943 510 989 eranum
533 923 670 1006 habere,
695 946 875 1012 possumus
898 946 966 1012 quo
990 925 1106 990 miuus
1127 924 1363 992 habeantnon

193 1035 357 1122 inpedire,
382 1057 422 1102 eo
445 1036 589 1116 facilius
613 1038 642 1104 si
665 1038 725 1104 tali
749 1038 941 1105 conlatione
965 1059 1036 1105 non
1059 1037 1103 1104 ad
1126 1037 1244 1104 turbas
1267 1043 1301 1105 et
1322 1037 1368 1104 ad

193 1148 342 1216 inlicitos
387 1156 502 1217 coetus
536 1152 594 1217 sed
629 1152 672 1218 ad
707 1153 944 1218 sustinendam
980 1152 1177 1219 tenuiorum
1212 1152 1367 1240 inopiam

193 1268 348 1329 utuntur.
395 1262 436 1328 In
460 1265 580 1330 ceteris
604 1266 810 1346 civitatibus,
835 1288 922 1353 quae
948 1272 1063 1333 nostro
1087 1267 1160 1331 iure
1185 1265 1367 1332 obstrictae

193 1379 283 1458 sunt,
319 1399 372 1443 res
407 1377 604 1444 huiusmodi
636 1379 852 1466 prohibenda
875 1381 956 1446 est.''
1003 1380 1102 1446 Patet
1125 1380 1231 1464 igitur
1254 1380 1366 1446 Amisi

193 1511 229 1556 re
253 1511 334 1558 vera
354 1491 456 1558 luisse
480 1491 705 1574 sodalitatem,
734 1515 822 1579 quae
847 1493 1029 1580 pecuniam
1053 1492 1212 1577 colligere
1235 1492 1367 1560 solebat

193 1604 447 1672 conferentibus
481 1605 562 1692 ipsis
596 1606 778 1688 sodalibus,
815 1614 854 1673 ut
888 1609 915 1673 si
950 1608 1027 1694 quis
1061 1627 1181 1672 eorum
1216 1611 1364 1691 egestate

194 1725 416 1805 premeretur,
440 1719 612 1784 sublevari
635 1742 675 1787 ea
699 1727 820 1807 posset.
867 1721 972 1787 Recte
997 1726 1112 1786 tamen
1137 1726 1254 1786 monet
1274 1719 1366 1787 Wal-

194 1832 287 1916 tzing
322 1833 481 1898 Amisum
516 1834 618 1900 fuisse
642 1835 811 1920 oppidum
835 1835 1007 1900 Graecum
1034 1835 1212 1900 -Ponto
1236 1833 1367 1900 adiace-

195 1945 253 2010 bat
283 1983 328 1994 -
351 1968 394 2012 ex
419 1967 486 2033 quo
518 1947 560 2014 de
584 1947 752 2014 Romanis
772 1947 915 2014 urbibus
928 1948 1159 2015 coniecturam
1172 1948 1282 2014 faeere
1296 1969 1367 2014 non

193 2059 314 2140 liceat3
354 2058 379 2145 ¹)
413 2060 521 2126 immo
556 2062 591 2126 in
632 2062 685 2128 his
709 2063 877 2129 eiusmodi
902 2063 1049 2128 Graecas
1072 2061 1267 2128 sodalitates
1290 2043 1366 2146 lege

194 2174 296 2240 fuisse
321 2173 451 2240 vetitas.
498 2175 620 2261 Itaque
645 2177 758 2243 nescio
781 2197 826 2242 an
849 2175 1023 2260 Waltzing
1046 2195 1163 2241 avero
1179 2196 1248 2241 non
1263 2173 1367 2261 longe

195 2287 292 2368 absit,
328 2308 408 2352 eum
444 2309 505 2374 pro
539 2295 630 2355 oerto
665 2290 763 2376 ponit
786 2289 929 2374 collegia
954 2289 1151 2355 tenuiorum
1174 2289 1276 2356 fuisse
1301 2289 1368 2355 col-

195 2401 285 2486 legia
306 2401 518 2482 funeratieia,
543 2401 631 2467 nihil
655 2402 761 2470 aliud.
785 2402 812 2489 ²)

232 2647 251 2706 1)
285 2645 350 2694 Idem
368 2645 494 2694 dioeudum
512 2649 546 2694 est
563 2646 592 2694 de
609 2645 680 2694 titulo
697 2647 798 2711 quodam
817 2645 941 2710 Hierapoli
959 2647 1057 2710 teperto,
1075 2645 1104 2693 de
1121 2660 1167 2708 quo
1184 2643 1303 2709 Waltzing
1319 2645 1369 2696 1.l.

197 2756 248 2804 pag.
268 2740 315 2788 184
333 2741 386 2789 adu.
405 2741 435 2788 5:
455 2742 492 2804 ,A
510 2738 652 2805 Hierapolis,
675 2758 703 2789 eu
722 2741 832 2804 Phrygis,
849 2757 880 2788 oa
897 2725 1169 2802 trouveuneipyoeota
1184 2730 1369 2804 θρεμματικὴ

197 2839 222 2870 se
239 2823 369 2871 rattaohant
385 2839 414 2871 au
426 2823 515 2886 college
532 2824 572 2871 des
589 2824 725 2872 teluluriers
742 2840 771 2872 en
789 2838 889 2887 pourpre
907 2824 1028 2885 (Rauen,
1046 2823 1102 2872 Rev.
1111 2824 1185 2880 arab,
1198 2824 1269 2881 1887,
1278 2840 1301 2888 p.
1312 2824 1369 2874 354.

197 2907 286 2964 Lusus,
306 2906 386 2967 1687).
422 2907 454 2954 Oe
472 2907 548 2961 serait,
565 2906 630 2954 selon
648 2909 677 2955 Α.
696 2907 827 2956 Waoursuu
844 2907 914 2967 (lieo.
931 2906 962 2955 de
979 2907 1073 2956 l’Inatr.
1087 2907 1152 2972 publ.
1170 2906 1286 2970 eaBelp,
1296 2908 1370 2967 1868,

197 3005 221 3053 p.
240 2991 262 3038 8.
282 2989 347 3038 Bull.
365 2990 395 3038 de
411 2989 507 3039 I’Acad.
526 3006 575 3053 roy.
596 2991 628 3039 de
646 2990 722 3054 Belq,
741 2991 787 3038 mai
807 2989 879 3048 1889,
893 3006 916 3054 p.
934 2990 1000 3052 414),
1018 3007 1064 3039 une
1080 2990 1226 3054 eorporation
1244 2991 1272 3039 de
1287 2990 1371 3054 jeunes

198 3083 310 3140 ouvriers‚
330 3099 360 3132 un
378 3082 460 3132 atelier
477 3084 675 3149 d'appreutissage
692 3100 752 3149 pour
770 3084 804 3132 les
821 3085 914 3133 eniants
931 3087 1037 3149 pauvres.
1058 3085 1103 3133 Sur
1119 3072 1277 3149 θρέμματα
1295 3085 1371 3150 (inse-

198 3167 270 3218 rtoris
287 3167 433 3216 condiis'oaia
450 3167 541 3226 liberi),
559 3183 630 3230 voyea
647 3168 758 3226 Bouoxu,
778 3167 803 3216 0.
821 3167 844 3216 I.
864 3167 913 3225 Or,
931 3168 965 3216 ad
981 3184 997 3216 n
1024 3168 1096 3217 3818.
1132 3169 1372 3233 Oupourraityvoir

199 3265 246 3298 una
270 3249 407 3298 institution
433 3251 461 3298 de
479 3250 651 3308 biensaisaoce;
669 3267 697 3298 en
715 3254 768 3298 tous
785 3266 830 3307 eas,
848 3250 867 3298 il
885 3251 953 3314 s'agit
970 3251 1042 3299 d’une
1058 3250 1218 3315 particularia}
1234 3267 1325 3300 oomnm
1342 3267 1371 3300 eu

200 3331 334 3395 presentent
355 3333 389 3381 les
406 3333 507 3397 eollegea
524 3334 553 3381 de
570 3333 644 3382 l'Asie
662 3333 780 3390 Mineure,
798 3338 820 3380 et
838 3331 886 3380 l’on
905 3349 935 3381 ne
949 3337 1006 3397 peut
1023 3333 1074 3382 rien
1091 3351 1120 3383 en
1138 3335 1248 3383 oonolure
1264 3350 1324 3398 pour
1338 3333 1372 3382 les

199 3415 299 3480 oolltges
316 3417 420 3465 romains
437 3433 466 3466 en
483 3415 602 3480 general?
620 3417 657 3465 ef.
674 3416 743 3464 etiam
762 3432 814 3480 pag.
833 3415 880 3468 307
899 3419 922 3465 et
939 3416 977 3464 III
995 3431 1046 3480 pag.
1064 3417 1097 3465 40
1115 3433 1171 3480 seq,
1189 3417 1230 3465 ubi
1243 3416 1329 3465 titulus
1338 3421 1373 3465 est

198 3498 337 3562 descriptus.

234 3581 253 3642 ε)
287 3583 393 3631 Fortasse
410 3583 582 3647 quodammodo
599 3582 735 3647 excipienda
752 3586 808 3630 sunt
825 3581 939 3631 militaria
955 3582 1175 3646 quaedamoollegia
1186 3582 1372 3640 Lambaesitana,

201 3665 320 3714 funeraria
337 3671 359 3714 et
376 3666 436 3731 ipsa,
454 3665 546 3728 (titulos
563 3665 685 3714 Lambaesi
703 3669 806 3729 repertos
824 3665 879 3713 vide
895 3665 922 3714 C.
940 3665 960 3713 I.
978 3666 1005 3714 1..
1023 3665 1090 3724 VIII,
1108 3666 1172 3718 2527
1191 3682 1254 3730 seqq.
1265 3685 1271 3723 ;
1283 3665 1371 3714 addita·

202 3752 280 3796 menta
297 3749 355 3798 ibid.
374 3765 427 3813 pag.
445 3751 494 3798 954
511 3765 575 3813 seq.;
593 3748 757 3814 supplementa
776 3748 856 3796 18039
875 3764 955 3812 seqq.;
973 3749 1002 3796 oi.
1021 3747 1091 3796 edam
1109 3748 1235 3796 Liebeuam
1253 3748 1270 3797 l.
1282 3747 1300 3796 1.
1319 3763 1372 3812 pag.

204 3831 252 3878 300
278 3835 352 3896 seqq.)
377 3847 478 3896 quorum
501 3832 558 3880 sooii
575 3834 602 3880 in
620 3831 709 3880 militia
726 3847 781 3880 sane
799 3859 831 3866 -
848 3829 919 3895 plara
935 3830 1023 3879 effioere
1040 3846 1088 3879 non
1106 3830 1211 3879 lieet-
1229 3845 1253 3879 aa
1269 3829 1372 3878 invioem

201 3914 314 3964 videntur
331 3915 472 3964 sublevasse.

235 3997 270 4046 De
295 3997 359 4047 hisee
384 3998 496 4047 omnibus
521 3999 613 4062 legatur
637 4001 736 4063 (praeter
762 3997 825 4046 viros
850 3998 930 4046 doctos
953 3996 1022 4045 modo
1039 3993 1123 4045 allatos
1140 4013 1192 4062 pag.
1211 3995 1260 4049 270
1274 3995 1330 4064 ¹adn.
1349 3995 1373 4057 1)

205 4079 324 4145 Waltuing
352 4098 373 4131 o.
391 4081 408 4130 l.
426 4081 438 4130 I
456 4097 501 4146 pag
527 4082 575 4131 300
592 4098 672 4146 seqq.;
692 4082 726 4130 ld.
744 4081 788 4129 Lea
806 4097 861 4145 oorp
886 4095 944 4130 rom.
963 4084 986 4129 et
1003 4079 1027 4128 la
1044 4078 1132 4128 oharitd
1151 4080 1267 4143 (Louvain
1291 4075 1373 4140 1895).

206 4162 278 4224 (Cum
303 4180 330 4212 eo
355 4165 403 4214 iam
429 4166 455 4213 in
481 4165 561 4215 eadem
587 4164 703 4213 sententia
726 4165 801 4212 fuerat
817 4163 921 4212 Boissier
937 4163 1014 4226 Relig.
1032 4179 1092 4212 rom.
1109 4163 1146 4212 11³
1163 4179 1215 4230 pag.
1234 4149 1282 4212 006
1299 4165 1374 4234 seqq.)

203 4245 361 4308 Coniemutur
383 4248 455 4300 etiam
481 4249 540 4301 duae
564 4248 734 4316 disputationes
759 4246 912 4315 inaugurales
938 4252 1008 4314 (quae
1035 4247 1165 4309 dicuntur),
1191 4263 1250 4315 quas
1266 4245 1373 4316 percurri
