3274 4998
833 429 897 494 144

279 605 440 693 idemque
475 605 625 672 declarat
648 611 750 693 atque
773 606 938 672 Latinum
957 627 1118 693 pauperae,
1142 605 1319 671 notionem
1343 604 1448 670 habet

279 741 403 806 parurn
426 719 631 786 distinctam.
678 720 779 786 Credi
802 727 912 806 potest
924 721 1035 806 ipsam
1052 718 1221 784 urbanam
1234 717 1371 805 plebem
1385 718 1451 784 hoc

280 832 447 901 vocabulo
483 855 553 900 esse
577 833 804 919 designatum.
831 833 856 920 ¹)
902 833 1070 914 Alterum,
1092 853 1160 918 quo
1184 831 1338 898 redditur
1361 831 1452 897 Lati-

279 969 365 1012 num
387 948 479 1034 inope
502 946 557 1013 vel
578 967 674 1032 cynas,
701 954 862 1034 quattuor
886 946 978 1034 quod
1002 946 1107 1012 seiam
1131 945 1278 1012 occurrit
1301 944 1383 1010 locis
1407 945 1451 1010 ad

279 1081 353 1126 rem
379 1060 640 1125 frumentariam
663 1060 924 1146 pertinentibus.
972 1060 1020 1124 Hi
1042 1059 1107 1125 loci
1129 1066 1228 1125 sunt:
1250 1057 1341 1123 Plut.
1364 1058 1449 1124 Cato

279 1173 362 1238 min.
387 1174 450 1254 26;
475 1173 526 1239 Id.
551 1174 643 1239 Caes.
668 1175 709 1250 8;
736 1173 801 1238 Dio
825 1174 914 1240 Cass.
939 1173 1143 1254 XXXVIII,
1176 1173 1260 1249 13‚1
1274 1194 1282 1252 ;
1307 1171 1448 1257 Dionys.

277 1286 389 1352 Halic.
424 1287 485 1368 IV,
523 1287 576 1366 24,
612 1288 642 1352 5.
674 1285 700 1373 ²)
747 1287 882 1353 Priores
919 1287 987 1352 duo
1012 1287 1135 1353 docent
1157 1287 1276 1373 inopes
1299 1283 1449 1360 (ἀπόρους)

277 1400 405 1466 Catone
440 1406 577 1466 auctore
613 1401 702 1466 inter
725 1400 941 1466 frumentum
965 1400 1169 1486 accipientes
1192 1406 1344 1487 receptos
1367 1421 1449 1480 esse,

277 1513 319 1579 de
343 1512 562 1580 divitioribus
586 1513 733 1580 exclusis
755 1513 845 1578 nihil
867 1513 1020 1591 addunt;
1046 1513 1161 1580 alteris
1183 1512 1279 1601 plebs
1300 1513 1451 1580 frumen·

278 1626 366 1692 teria
387 1626 447 1692 illo
471 1627 611 1713 quidem
636 1649 717 1694 voce
741 1636 844 1713 ἄποροι
864 1627 1084 1712 significatur,
1109 1633 1317 1693 nontamen
1340 1626 1451 1714 sequi·

278 1747 335 1806 tur
368 1739 425 1827 (ne
460 1761 478 1807 e
515 1740 672 1827 Dionysii
708 1742 849 1828 quidem
871 1742 955 1824 loco,
981 1742 1041 1829 qui
1064 1741 1212 1828 pertinet
1234 1740 1277 1806 ed
1301 1740 1451 1826 Augusti

279 1853 447 1940 tempora)
483 1859 520 1918 ut
557 1853 682 1940 quibus
716 1835 931 1922 frumentum
965 1855 1235 1936 distribueretur,
1259 1855 1284 1919 ii
1308 1876 1342 1921 re
1370 1875 1451 1921 vera

282 1989 402 2034 omnes
425 1967 552 2032 fuerint
575 1968 704 2055 inopes.
750 1970 878 2056 Inopes
901 1970 1004 2050 enim,
1029 1991 1109 2036 curn
1132 1967 1237 2034 semel
1253 1967 1391 2033 admissi
1402 1988 1451 2033 es·

279 2087 363 2163 sent,
387 2087 516 2146 ceteros
541 2080 762 2148 multitudine
791 2083 1008 2170 aliquantum
1032 2103 1206 2169 superasse
1230 2081 1450 2147 manifestum

279 2201 339 2274 est,
367 2195 568 2282 praesertim
592 2216 671 2270 cum
695 2218 756 2283 per
778 2197 915 2263 fraudes
937 2195 1041 2263 multi
1064 2197 1219 2283 inrepere
1243 2194 1399 2260 solerent.
1424 2193 1451 2281 8)

279 2309 336 2376 Ad
357 2329 442 2396 quas
461 2309 697 2394 reprimendas
720 2309 872 2376 Caesaris
895 2308 1330 2396 consiliaparumefficeoia
1343 2315 1451 2374 erant.

280 2422 465 2508 Dionysius
498 2427 623 2503 autern,
660 2444 740 2489 cum
777 2445 868 2490 anno
903 2445 932 2489 a.
958 2445 990 2490 u.
1016 2445 1043 2490 e.
1069 2423 1134 2490 724
1165 2424 1208 2508 (a.
1233 2421 1312 2488 Chr.
1337 2444 1370 2488 n.
1395 2423 1452 2508 30)

281 2537 430 2603 Romam
465 2536 597 2603 venerit
631 2535 748 2623 ibique
784 2537 869 2603 duos
888 2544 922 2604 et
944 2537 1068 2623 viginti
1091 2558 1200 2603 annos
1222 2541 1375 2602 moratus
1398 2535 1450 2617 sit,

314 2763 336 2825 1)
369 2763 407 2813 Gt.
428 2763 488 2812 xen.
514 2763 614 2813 Memor.
632 2765 673 2824 IV,
692 2767 715 2825 2,
734 2768 781 2820 el:
803 2757 879 2819 ηΚαὶ
898 2761 929 2818 τί
949 2758 1074 2834 νομίζεις
1093 2757 1188 2834 δῆμον
1209 2745 1297 2829 aluam
1320 2789 1359 2799 -
1377 2751 1454 2824 Τοὺς

280 2846 410 2918 πὲνΥίΓας
429 2852 489 2904 τῶν
509 2851 640 2906 πολιτῶν
660 2849 788 2926 ἔγωγε.”
812 2865 910 2929 Dionys.
930 2864 1006 2913 Halic.
1017 2863 1146 2912 identidem
1156 2861 1258 2926 plebeios
1270 2860 1387 2923 (clientes)
1396 2859 1457 2908 dicit

280 2953 394 3003 vocabulo
411 2941 546 3016 πένητες,
574 2960 601 3005 ut
626 2955 658 3014 ΙΙ,
688 2958 710 3012 9,
729 2957 760 3015 3;
778 2957 820 3015 Ν,
842 2959 864 3016 9,
883 2958 914 3014 9;
936 2956 977 3014 VI,
996 2955 1036 3013 34,
1055 2955 1069 3003 3
1087 2957 1130 3002 eie.
1144 2953 1180 3002 Oi.
1198 2952 1269 3000 etiam
1286 2951 1364 3000 Plaut.
1383 2951 1455 2999 Poen.

281 3036 328 3095 111,
346 3037 368 3096 1,
388 3037 426 3097 12,
453 3037 493 3086 ubi
520 3039 652 3102 iunguntur
678 3039 789 3088 voeabula
804 3039 889 3105 plebeii
905 3043 929 3088 et
945 3053 1083 3104 pauperes:
1102 3035 1269 3100 „Quamquam
1286 3050 1329 3082 nos
1347 3033 1458 3082 uidemur

282 3119 326 3168 tibi
344 3120 430 3184 plebeii
447 3125 470 3170 et
487 3122 626 3186 pauperes.'’

319 3202 337 3263 ί)
370 3203 405 3252 De
431 3204 552 3253 Plutarchi
579 3205 638 3254 locis
664 3206 701 3269 egi
719 3222 771 3270 pag.
791 3206 838 3254 132
856 3222 910 3253 cunr
927 3204 981 3252 adn.
999 3207 1023 3260 4,
1041 3204 1069 3251 de
1086 3201 1179 3260 Dionis,
1196 3203 1305 3264 corrupto
1322 3215 1385 3259 sene,
1403 3216 1456 3264 pag.

284 3295 331 3344 133
350 3298 403 3346 adn.
422 3299 445 3346 5.
464 3298 528 3346 Plut
546 3298 610 3347 Caes.
630 3300 644 3348 8
662 3315 733 3364 supra
749 3316 798 3348 non
815 3299 934 3362 exscripsi.
953 3297 1050 3361 Legitur
1066 3297 1116 3344 ibi:
1137 3279 1210 3350 ηΛιό
1228 3282 1278 3344 καί
1289 3283 1397 3342 Κάτων
1407 3303 1456 3361 φο·

284 3376 393 3449 βηθείς
413 3380 551 3455 μάλιστα
572 3377 623 3440 πέν
640 3378 673 3443 ἐκ
695 3390 754 3441 πων
775 3381 892 3458 ἀπόρων
913 3380 1116 3455 νεωτερισμόν,
1139 3383 1167 3438 oi*
1182 3374 1457 3447 ποῦπαντὲςὺπὲιο·

285 3494 386 3548 καομα
417 3475 554 3544 πλήθους
584 3463 660 3544 ἦσαν
691 3475 720 3537 ἓν
751 3485 794 3555 τῷ
826 3479 950 3552 Καίσαρι
976 3476 1032 3546 τὰς
1058 3474 1181 3545 ἐλπίδας
1202 3474 1334 3555 ἔχοντες,
1360 3474 1457 3535 ἔπεισε

286 3567 341 3634 riv
371 3570 546 3645 σύγκλητον
575 3571 730 3650 ἀπονεῖμαι
751 3574 912 3650 σιτηρέσιον
932 3571 1029 3643 αὐτοῖς
1050 3572 1190 3648 ἔμμηνον,
1217 3568 1250 3652 ἕξ
1271 3562 1302 3630 οὗ
1322 3571 1458 3641 δαπάνης

286 3663 342 3742 μὲν
368 3666 543 3730 ἑπτακόσιαι
573 3672 759 3738 πεντήκοντα
780 3672 918 3748 μυριάδες
938 3669 1067 3731 ἐνιαύσιοι
1086 3673 1298 3746 προσεγίνοντο
1322 3677 1383 3738 τοῖς
1402 3667 1456 3728 ἅλ-

286 3768 347 3833 λοις
375 3763 580 3841 ἀναλώμασι.”
615 3777 724 3841 Dionysii
740 3776 810 3826 verbs
827 3778 881 3826 haec
899 3783 970 3829 sunt:
1004 3771 1045 3835 ηοὶ
1075 3767 1102 3826 δ’
1124 3772 1165 3841 (80-
1190 3766 1375 3845 τυγχάνουσί
1402 3772 1458 3834 Τῆς

286 3861 465 3941 ἐλευθερίας)
484 3866 529 3926 ἰ’να
550 3867 601 3928 τὸν
623 3867 752 3946 δημοσίᾳ
773 3865 922 3942 διδόμενον
942 3879 1024 3929 σῖτον
1043 3868 1254 3946 λαμβάνοντες
1271 3866 1351 3930 κατὰ
1377 3875 1457 3943 μῆνα

286 3961 335 4023 καί
356 3963 442 4032 εἴτις
462 3963 542 4035 ἄλλη
559 3963 643 4040 παρὰ
665 3971 724 4022 πῶν
734 3963 903 4039 ἡγουμένων
913 3970 1047 4041 γίγνοιτο
1058 3975 1119 4036 τοῖς
1129 3966 1247 4041 ἀπόροις
1257 3973 1316 4025 τῶν
1326 3969 1458 4024 πολιτῶν

286 4062 491 4136 φιλανθρωπία
512 4060 617 4140 φέρωσι
639 4069 699 4129 τοῖς
715 4059 854 4122 δεδωκόσι
875 4059 929 4126 πίον
949 4058 1143 4137 ἓλενθερίαν.”

319 4154 339 4216 ³)
374 4154 432 4204 Vide
458 4171 509 4220 pag.
529 4157 576 4206 133
595 4174 651 4222 seq.,
672 4157 719 4206 leo
736 4162 759 4206 et
776 4157 887 4221 Dionysii
905 4157 984 4208 locum
1002 4158 1028 4208 in
1046 4160 1122 4224 priore
1138 4159 1288 4209 adnotatione
1304 4157 1456 4224 exscriptum.
