3226 4998
898 463 937 525 12

323 629 412 704 οὐδεὶς
431 631 519 693 οὐδενὶ
538 633 638 696 δίδωσι
656 645 716 699 τῶν
735 640 811 701 (δέων
830 637 1025 720 ὑπαρχόντων
1045 639 1117 702 ἑκὼν
1137 637 1246 700 aldiren
1269 636 1294 717 ¹)
1340 636 1505 704 Alterum

324 746 559 814 testimonium
592 749 741 819 Senecae
774 762 824 820 est
859 755 918 842 qui
953 755 1152 842 sapientem,
1185 754 1295 842 qualis
1318 775 1362 819 ex
1385 751 1496 837 ipsius

324 861 492 926 sententia
527 884 597 930 esse
631 865 762 948 debeat,
797 869 834 933 in
868 869 961 934 hunc
998 869 1141 934 modum
1178 866 1394 934 multitudini
1434 885 1496 950 op

324 974 437 1058 ponit:
465 975 665 1054 ,Succurret
688 979 808 1046 alienis
823 981 980 1062 lacrimis,
995 1004 1065 1048 non
1081 981 1227 1048 accedet.
1241 980 1337 1047 dabit
1348 999 1496 1044 manum

324 1088 499 1173 naufrago,
540 1091 634 1157 exuli
671 1093 869 1181 hospitium,
910 1097 1023 1180 egenti
1062 1097 1194 1182 stipem,
1237 1116 1330 1160 non
1368 1093 1495 1158 hanc

324 1204 746 1288 contumeliosam,
778 1230 868 1295 qua
891 1231 1006 1295 pars
1029 1210 1181 1274 maior
1204 1208 1384 1286 horum,
1410 1204 1493 1291 qui

324 1335 369 1380 se
408 1317 762 1387 misericordes
800 1322 963 1388 videri
1009 1321 1197 1402 volunt,
1245 1320 1403 1387 abicit
1447 1325 1493 1383 ct

324 1429 529 1496 fastidit
563 1453 680 1519 quos
712 1434 918 1502 adiuvat
952 1435 1289 1522 contingique
1326 1433 1380 1498 ab
1415 1432 1491 1496 his

324 1542 474 1624 timet,
498 1544 557 1610 sed
580 1553 618 1611 ut
641 1547 745 1614 homo
769 1548 903 1614 homini
926 1571 969 1615 ex
993 1550 1170 1615 communi
1195 1547 1322 1613 dabit.''
1340 1546 1366 1632 ⁵)
1390 1544 1490 1610 Adici

323 1662 433 1741 potest
468 1659 561 1744 quod
594 1661 697 1726 tradit
730 1663 929 1728 Lactantius
941 1663 984 1750 3);
1025 1664 1149 1742 ,Recte
1173 1663 1278 1748 igitur
1300 1660 1430 1726 Seneca
1453 1658 1490 1722 in

323 1767 419 1835 libris
458 1771 659 1840 moralibus:
707 1775 906 1858 Simulacra,
946 1778 1070 1864 inquit,
1104 1777 1249 1842 deorum
1272 1778 1488 1851 venerantur,

325 1881 392 1948 illis
426 1885 620 1971 supplicant
654 1909 746 1973 genu
781 1891 899 1976 posit0,
935 1891 994 1956 illa
1029 1891 1182 1970 adorant,
1206 1888 1273 1954 illis
1296 1909 1357 1974 per
1379 1893 1491 1952 totum

326 1997 475 2062 assident
509 1999 610 2081 diem,
646 2009 706 2067 aut
739 2011 876 2085 asstant,
911 2003 979 2069 illis
1014 2003 1137 2090 stipem
1171 2003 1310 2082 iaciunt,
1335 2000 1493 2066 victimas

326 2111 486 2193 caedunt;
519 2119 656 2179 etcum
680 2116 764 2182 haec
787 2124 963 2205 tantopere
987 2117 1182 2204 suspiciant,
1206 2115 1327 2194 fabros
1351 2113 1411 2200 qui
1433 2111 1493 2176 illa

327 2225 445 2306 fecere,
480 2233 715 2294 contemnunt.
762 2232 855 2310 Quid
871 2231 960 2297 inter
984 2254 1018 2297 se
1042 2238 1115 2296 tam
1137 2229 1358 2307 contrarium,
1386 2247 1493 2312 quam

327 2340 530 2405 statuarium
565 2341 746 2428 despicere,
782 2352 930 2411 statuam
953 2345 1103 2425 adorare,
1128 2350 1265 2409 etcum
1288 2364 1330 2407 ne
1354 2341 1391 2405 in
1415 2361 1494 2406 con·

327 2452 459 2519 victum
483 2455 623 2542 quidem
646 2457 834 2540 admittere,
859 2460 919 2546 qui
941 2459 1004 2524 tibi
1027 2459 1107 2524 deos
1129 2456 1274 2522 faciat?”
1318 2453 1494 2521 Iuvenalis

329 2566 470 2653 quidem
502 2569 539 2632 in
562 2577 676 2636 satura
699 2593 798 2658 saepe
822 2573 924 2638 nimis
947 2595 1024 2638 acar
1047 2579 1106 2637 cst.
1130 2570 1157 2657 ⁴)
1181 2568 1352 2634 Praeclari
1375 2574 1495 2632 tamen

328 2686 408 2744 sunt
442 2681 479 2745 hi
513 2703 631 2748 versus
665 2707 708 2749 ex
742 2686 863 2751 Satura
897 2687 970 2752 Ill:
998 2685 1021 2772 ⁵)
1049 2685 1125 2764 ,Nil
1149 2682 1270 2748 habuit
1295 2681 1425 2747 Codrus
1449 2719 1496 2729 -

329 2793 405 2879 quis
428 2794 521 2858 enirn
544 2798 673 2880 negat?
701 2837 745 2847 —
768 2807 801 2864 et
826 2807 942 2866 tamen
965 2800 1050 2864 illud
1075 2797 1227 2862 Perdidit
1250 2795 1371 2860 infelix
1382 2801 1497 2860 totum

329 2906 426 2971 nihil.
452 2907 593 2974 ultimus
616 2919 731 2976 auteur
756 2913 951 2978 ilerumnae
975 2921 1025 2978 cst
1050 2911 1218 2991 cumulus,
1245 2909 1336 2995 quod
1359 2908 1497 2972 nudum

330 3025 364 3085 et
376 3021 481 3086 frusta
493 3031 672 3107 rogantem
680 3026 789 3092 Nemo
799 3027 883 3108 ciba,
894 3048 995 3092 uerno
1004 3025 1151 3111 hospitio
1160 3029 1317 3108 tectoque
1326 3021 1494 3087 iuvabit.''

327 3133 491 3201 Attamen
514 3160 584 3203 non
607 3141 950 3225 praetermittendum
973 3141 1077 3205 etiarn
1093 3139 1225 3203 diversa
1238 3135 1387 3201 inveniri
1400 3135 1495 3220 apud

322 3249 514 3335 scriptores,
561 3253 608 3318 Ut
642 3274 722 3318 cum
755 3255 871 3319 Cicero
906 3254 995 3318 inter
1028 3273 1155 3331 causas
1185 3272 1245 3316 cur
1265 3248 1494 3313 hominesho-

327 3362 413 3426 mini
437 3364 520 3449 quid
543 3364 696 3430 tribuant
722 3368 784 3446 ,ad
799 3389 880 3432 eum
892 3367 1091 3451 augendum
1102 3371 1204 3450 atque
1218 3361 1492 3427 honestandum’'

328 3475 477 3561 primam
510 3479 667 3544 omnium
701 3481 798 3565 ponit
832 3480 1100 3547 benivolentiam
1124 3476 1160 3564 6),
1197 3483 1230 3541 ct
1253 3474 1335 3540 alibi
1359 3473 1491 3540 scribit:

367 3621 384 3681 ¹)
407 3620 490 3685 Polyb.
507 3623 590 3686 fragm,
609 3624 661 3672 Lib.
677 3625 774 3682 XXXll,
793 3643 812 3673 c.
833 3626 872 3675 12.

363 3703 382 3763 ¹)
408 3703 460 3752 Seu.
480 3706 515 3752 De
531 3705 604 3754 Clam.
623 3707 658 3763 11,
677 3707 700 3764 6,
718 3708 741 3756 2.

363 3786 382 3841 ³>
408 3787 466 3836 Inst.
485 3788 549 3844 Dia,
567 3789 619 3838 Lib.
637 3790 670 3840 II.

366 3870 385 3930 ⁴)
419 3870 488 3935 Quod
505 3870 567 3919 idem
585 3872 633 3920 dici
651 3875 727 3936 potest
743 3874 772 3921 de
787 3874 907 3923 Martialis
923 3873 1116 3938 Epigrammatis.
1140 3871 1252 3918 Ceterum
1261 3885 1289 3916 ex
1298 3868 1342 3916 illo
1351 3867 1496 3919 laudandum

333 3957 369 4001 est
384 3951 436 4001 Lib.
455 3953 474 3998 V
492 3953 574 4016 Epigr.
589 3955 701 4003 LXXXI:
720 3957 832 4020 „Semper
849 3973 937 4021 pauper
955 3958 1011 4013 eris,
1031 3957 1051 4004 si
1068 3971 1157 4019 pauper
1175 3971 1207 4012 es,
1226 3951 1367 4002 Aemiliane.
1401 3953 1496 4002 Dantur

333 4051 389 4098 opes
405 4035 469 4083 nulli
487 4052 551 4084 nunc
564 4037 611 4085 nisi
628 4037 770 4087 divitibus.''

368 4118 386 4177 ὗ)
420 4119 464 4175 lll,
483 4119 531 4168 208
548 4135 609 4183 seqq.

367 4201 386 4261 ⁶)
414 4200 729 4259 0i0.1)00u.11,6,21.
