3226 4998
736 533 778 600 67

168 727 275 801 quam
297 721 379 780 tunc
403 735 447 779 ex
469 712 702 778 remotissimis
725 734 870 796 magnae
894 713 988 777 urbis
1011 713 1166 798 partibus
1190 713 1339 779 adurbis

166 829 321 894 medium
352 827 466 892 accedi
501 827 605 912 possit
638 826 675 890 in
698 832 860 912 promptu
884 833 942 892 est.
969 825 993 913 l)
1017 827 1110 904 Quin
1134 827 1264 904 Rornae
1288 829 1338 891 in-

166 941 279 1006 terdiu
313 941 472 1027 plaustris
506 940 586 1007 vehi
617 939 763 1005 vetitum
793 946 874 1004 erat.
900 939 925 1025 9)
960 940 1035 1004 lam
1069 941 1278 1025 intellegitur
1301 942 1338 1005 in

167 1076 286 1120 ornnes
325 1060 436 1140 partes
459 1050 624 1118 Romanis
647 1074 810 1136 magnam
833 1053 934 1117 fuisse
959 1054 1204 1146 parsimoniam
1228 1056 1337 1139 spatii.

166 1169 298 1233 ldcirco
326 1167 413 1232 altae
438 1156 568 1246 domus,
593 1172 756 1250 angustae
780 1167 865 1247 viae,
892 1173 1010 1231 tenues
1035 1167 1188 1252 parietes
1238 1167 1338 1231 Aedi-

167 1283 252 1348 ficiis
275 1288 391 1346 autem
414 1281 527 1348 variae
544 1281 749 1345 accessiones
761 1280 1036 1364 adiungebantur
1050 1302 1135 1366 quae
1149 1281 1221 1347 vias
1234 1282 1338 1360 etiarn

167 1397 277 1480 magis
300 1394 507 1460 coartabant.
554 1394 666 1479 Ipsius
689 1400 877 1459 structurae
901 1416 1009 1478 genus
1033 1416 1131 1479 saepe
1156 1395 1338 1480 speciosius

167 1531 273 1596 quam
310 1508 442 1572 firmius
477 1513 557 1572 erat.
605 1508 676 1572 Nec
711 1508 839 1572 mirum
878 1507 1036 1586 ,adsidue
1061 1508 1183 1572 domus
1206 1508 1336 1573 Romae

167 1622 333 1710 ar(sisse)’'
358 1620 384 1707 8)
407 1627 440 1686 et
463 1620 546 1685 alias
569 1620 772 1707 easdemque
796 1642 866 1686 non
889 1643 1015 1706 paucas
1037 1622 1073 1684 in
1087 1622 1224 1687 ruinam
1236 1623 1337 1687 fuisse

166 1757 300 1822 pronas.
325 1735 351 1821 4)
386 1735 476 1799 Nero
512 1733 653 1820 quidem
688 1741 763 1819 post
785 1734 925 1798 foedum
948 1735 1156 1815 incendium,
1183 1736 1275 1820 quod
1299 1758 1337 1800 eo

166 1850 370 1934 imperatore
394 1848 570 1932 magnam
593 1847 722 1912 Rornae
746 1854 880 1933 partem
903 1847 1038 1927 delevit,
1064 1847 1185 1912 urbem
1210 1849 1340 1932 magni-

167 1962 324 2028 ficentius
366 1947 612 2026 restituendam
646 1961 779 2027 curavit
814 1961 839 2047 ⁵)
874 1961 989 2046 itaque
1024 1962 1113 2045 ignis
1148 1963 1339 2047 periculum

168 2076 385 2162 aliquantum
408 2073 601 2154 minuebat;
628 2072 654 2160 ⁶)
678 2080 829 2139 attamen
853 2096 933 2138 cunr
957 2075 1131 2157 angustior
1154 2075 1340 2142 fieretarea

206 2280 222 2338 Ι)
249 2280 318 2344 Quod
343 2279 406 2327 idem
431 2278 566 2326 Ptihlmann
589 2282 668 2326 monet
686 2277 701 2325 l.
721 2277 737 2325 l.
756 2294 807 2341 pag.
827 2278 866 2328 78.
894 2277 1003 2324 Ceterum
1021 2278 1047 2325 in
1065 2278 1115 2341 ipsa
1133 2279 1208 2326 Roma
1225 2279 1340 2328 itinerum

169 2363 244 2427 spatia
261 2363 318 2411 satis
335 2361 464 2426 longinqua
481 2367 563 2419 erant;
582 2363 658 2426 cogita
675 2362 703 2409 de
720 2360 848 2408 clientibus
865 2360 907 2423 qui
925 2361 1023 2407 vixdum
1041 2364 1103 2408 certa
1120 2361 1172 2409 luce
1190 2362 1215 2409 iu
1234 2363 1296 2410 viam
1316 2379 1339 2410 se

167 2446 222 2494 dare
239 2444 352 2504 solebant,
371 2449 398 2493 ut
414 2448 524 2508 patronos
541 2445 677 2494 salutarent.
696 2443 732 2491 Cf.
751 2442 823 2492 Mart.
842 2443 862 2500 I,
882 2443 945 2500 1083
964 2443 992 2498 V,
1012 2443 1050 2492 22.
1086 2443 1146 2491 Vide
1163 2445 1234 2492 etiam
1252 2445 1305 2493 Lib.
1316 2445 1340 2492 ΙΙ

168 2529 245 2592 Caput
262 2529 290 2576 de
307 2523 430 2576 Clientcla.

199 2611 219 2671 ἵ)
244 2611 280 2660 Os.
298 2610 386 2659 Vriedl.
404 2611 420 2659 l.
439 2610 454 2659 l.
473 2615 496 2660 et
513 2628 565 2675 pag.
584 2611 613 2663 71
633 2627 712 2674 seqq,
731 2610 808 2679 Marq.
827 2609 939 2657 Primtl‘.
958 2625 1009 2672 pag.
1030 2608 1078 2660 728
1096 2625 1159 2673 seqq.

198 2695 218 2755 3)
244 2694 305 2742 Gell.
332 2694 381 2751 XV,
408 2695 428 2752 Ι,
452 2695 474 2742 3.
501 2696 571 2743 Recte
588 2695 687 2757 Ludwig
703 2693 770 2742 Felix
788 2694 845 2755 (Der
862 2693 967 2740 Einlluss
982 2693 1022 2740 der
1040 2693 1116 2741 Sitten
1135 2694 1184 2740 und
1201 2693 1337 2741 Gebriiuche
1371 2728 1375 2734 -

166 2779 208 2826 aus
232 2778 271 2826 die
288 2778 403 2826 Entwiclr.
430 2777 453 2827 d.
481 2778 598 2841 Eigeuth,
615 2794 667 2841 pag.
688 2778 727 2836 54)
746 2776 826 2824 erebra
842 2776 952 2823 incendia
970 2776 1113 2838 paupertatis
1130 2777 1206 2824 causis
1223 2777 1336 2824 adnume-

166 2865 208 2917 rat,
226 2861 315 2924 quippe
332 2861 418 2924 quibus
435 2877 549 2924 pauperes
567 2861 655 2924 pariter
671 2877 697 2907 ac
714 2859 801 2906 divites
818 2859 903 2906 amissa
920 2862 979 2905 tecta
997 2859 1119 2906 restituere
1136 2864 1282 2921 cogerentur.

200 2945 220 3002 ⁴)
245 2945 357 3007 Magnam
374 2945 532 3007 frequentiam
549 2944 655 2992 locorum
672 2942 728 2990 haec
745 2942 825 2989 omnia
842 2941 994 3004 probantium
1012 2942 1065 2988 vide
1084 2943 1145 3004 apud
1163 2942 1297 2990 Pohlrnann
1314 2947 1337 2990 ct

167 3009 230 3090 apud
255 3027 416 3076 Friedliinder.
442 3027 478 3075 Cs.
496 3027 567 3074 etiam
584 3027 648 3074 John
665 3027 693 3074 E.
712 3026 739 3073 B.
758 3025 842 3087 Mayor
859 3025 888 3071 ad
906 3025 959 3072 Iav.
978 3025 1024 3080 ΙΙΙ,
1044 3025 1058 3071 6
1077 3041 1156 3087 seqq:
1177 3026 1253 3087 „Nam
1281 3026 1338 3088 quid

167 3116 216 3158 tam
241 3111 363 3167 miserum,
380 3113 429 3157 tam
446 3109 524 3157 solum
542 3110 653 3165 vidimus,
672 3112 762 3156 utnon
780 3107 892 3155 Deterius
909 3107 988 3154 credas
1005 3107 1101 3154 horrere
1119 3108 1235 3164 incendia,
1258 3108 1338 3170 lapsus

164 3194 290 3242 'lecturum
315 3193 424 3242 adsiduos
449 3209 475 3240 ac
493 3193 561 3240 mille
578 3192 683 3255 pericula
699 3207 780 3239 saevae
797 3190 870 3237 Urbis
878 3189 904 3235 ?''
925 3217 953 3224 —
974 3190 1043 3236 etad
1061 3190 1119 3236 ibid.
1138 3206 1171 3237 rs.
1192 3191 1239 3237 193
1258 3207 1337 3252 seqq:

167 3278 232 3341 „Nos
257 3277 338 3324 urbem
364 3275 464 3323 colimus
485 3275 551 3323 tenui
577 3275 676 3322 tibicine
701 3274 787 3322 sultam
813 3273 900 3335 Magna
926 3276 991 3335 parte
1009 3273 1061 3328 sui3
1081 3289 1135 3320 nam
1154 3274 1187 3319 sic
1205 3273 1337 3320 labentibus

165 3359 241 3407 obstat
266 3359 364 3416 Vilicus,
391 3364 414 3408 et
439 3359 525 3406 veteris
550 3358 623 3406 rimae
640 3375 695 3406 curn
712 3357 771 3404 texit
787 3356 887 3412 hiatum,
906 3356 1001 3403 Securos
1019 3356 1133 3418 pendente
1152 3355 1216 3404 iubet
1234 3357 1336 3403 dormire

166 3441 260 3490 ruina.''
407 3434 409 3441 ¹

201 3526 218 3586 5)
244 3525 297 3572 'Pae
315 3526 379 3572 Ann.
397 3523 448 3582 XV,
466 3525 515 3571 43:
535 3525 661 3588 „Ceterum
677 3523 744 3570 urbis
762 3539 820 3586 quae
838 3523 919 3570 domus
937 3522 1056 3584 perierant
1073 3539 1128 3577 non,
1148 3525 1173 3570 ut
1185 3524 1237 3584 post
1247 3521 1339 3569 Gallica

165 3607 281 3666 incendia,
307 3607 375 3655 nulla
400 3607 552 3655 distinctione
577 3624 620 3654 nec
646 3607 731 3670 passim
749 3609 844 3660 erectae,
863 3606 902 3652 sed
920 3605 1033 3652 dimensis
1051 3605 1157 3652 vicorum
1176 3605 1298 3652 ordinibus
1316 3609 1338 3651 et

165 3689 220 3739 latis
246 3690 340 3738 viarum
363 3689 444 3753 spatiis
461 3690 611 3752 cohibitaque
627 3689 786 3736 aedificiorum
803 3687 930 3735 altitudine
948 3703 973 3734 ue
992 3688 1111 3750 patefactis
1128 3688 1188 3734 areis
1206 3688 1339 3750 additisque

164 3773 302 3836 porticibus,
329 3789 388 3836 quae
412 3774 515 3820 frontem
541 3772 675 3820 insularum
701 3771 872 3835 protegerent.''
899 3771 1000 3818 Neronis
1027 3771 1132 3832 vestigiis
1159 3771 1278 3832 ingressus
1305 3774 1340 3818 est

163 3856 320 3920 Vespasianus
345 3859 445 3904 testante
472 3855 583 3904 Suetonio
610 3856 712 3918 (Vespas.
740 3855 771 3914 8).
806 3854 896 3901 Jordan
915 3853 1070 3916 r'lbpograph.
1094 3854 1116 3900 d.
1144 3854 1209 3900 Stadt
1228 3854 1338 3910 Itonr,l,

137 3927 139 3930 ⁵
167 3940 189 3996 l,
209 3955 259 4002 pag.
277 3939 326 3986 486
344 3942 417 4002 seqq.)
434 3941 531 3986 conatur
548 3939 708 3986 demonstrare
725 3937 826 3985 Neronis
843 3937 981 3984 incendium
999 3935 1074 3983 multo
1085 3935 1220 3984 minuslate
1231 3941 1340 3999 vagatum

167 4039 302 4086 essequam
320 4039 333 4069 e
349 4022 456 4070 fontibus
474 4021 633 4085 intellegatur.

201 4105 221 4165 ⁸)
239 4105 275 4153 Tu
292 4108 371 4152 tamen
388 4105 490 4153 Neronis
507 4103 615 4152 consiliis
632 4121 661 4152 ne
678 4103 752 4152 nimis
769 4103 867 4158 tribuas,
878 4105 958 4166 reputa
967 4118 1038 4164 quam
1048 4101 1127 4150 crebra
1138 4107 1160 4150 et
1170 4119 1341 4165 nonnunquam

171 4188 304 4236 vastissima
330 4188 439 4236 incendia
463 4191 486 4235 et
511 4190 590 4251 postea
616 4187 699 4235 urbem
716 4186 861 4241 vexaverint,
880 4185 1011 4248 dequibus
1031 4184 1124 4247 legendi
1142 4190 1198 4233 sunt
1215 4186 1261 4233 viri
1280 4186 1341 4232 docti

172 4271 242 4320 modo
259 4270 356 4320 laudati.
383 4270 419 4320 Cf.
445 4271 518 4319 etiam
546 4270 607 4318 Gell.
631 4271 682 4329 XV,
705 4270 724 4327 I,
744 4270 774 4317 3:
802 4269 844 4332 „Si
861 4269 919 4332 quid
936 4272 1015 4316 autem
1032 4273 1109 4332 posset
1127 4269 1223 4316 remedii
1242 4270 1297 4324 sore,
1318 4271 1344 4314 ut

1214 4359 1255 4423 5*
