<?xml version="1.0" encoding="UTF-8"?>
<!DOCTYPE html PUBLIC "-//W3C//DTD XHTML 1.0 Transitional//EN"
    "http://www.w3.org/TR/xhtml1/DTD/xhtml1-transitional.dtd">
<html xmlns="http://www.w3.org/1999/xhtml" xml:lang="en" lang="en">
 <head>
  <title>
</title>
<meta http-equiv="Content-Type" content="text/html;charset=utf-8" />
  <meta name='ocr-system' content='tesseract 3.04.00' />
  <meta name='ocr-capabilities' content='ocr_page ocr_carea ocr_par ocr_line ocrx_word'/>
</head>
<body>
  <div class='ocr_page' id='page_1' title='image "./depauperumcuraa00essegoog_0112.png"; bbox 0 0 3274 4998; ppageno 0'>
   <div class='ocr_carea' id='block_1_1' title="bbox 865 459 921 527">
    <p class='ocr_par' dir='ltr' id='par_1_1' title="bbox 865 459 921 527">
     <span class='ocr_line' id='line_1_1' title="bbox 865 459 921 527; baseline -0.054 0"><span class='ocrx_word' id='word_1_1' title='bbox 865 459 921 527; x_wconf 69' lang='lat'>&#39;94</span> 
     </span>
    </p>
   </div>
   <div class='ocr_carea' id='block_1_2' title="bbox 310 636 1486 2538">
    <p class='ocr_par' dir='ltr' id='par_1_2' title="bbox 310 636 1486 2538">
     <span class='ocr_line' id='line_1_2' title="bbox 313 636 1483 725; baseline 0.005 -22"><span class='ocrx_word' id='word_1_2' title='bbox 313 658 394 703; x_wconf 90' lang='lat' dir='ltr'>cum</span> <span class='ocrx_word' id='word_1_3' title='bbox 427 643 601 704; x_wconf 88' lang='lat' dir='ltr'>certamen</span> <span class='ocrx_word' id='word_1_4' title='bbox 635 636 879 704; x_wconf 89' lang='lat' dir='ltr'>difficillimum</span> <span class='ocrx_word' id='word_1_5' title='bbox 911 658 993 704; x_wconf 89' lang='lat' dir='ltr'>cum</span> <span class='ocrx_word' id='word_1_6' title='bbox 1026 637 1248 725; x_wconf 76' lang='lat' dir='ltr'><strong>optimatibus</strong></span> <span class='ocrx_word' id='word_1_7' title='bbox 1270 640 1335 706; x_wconf 90' lang='lat' dir='ltr'>sibi</span> <span class='ocrx_word' id='word_1_8' title='bbox 1357 642 1483 710; x_wconf 89' lang='lat' dir='ltr'>instare</span> 
     </span>
     <span class='ocr_line' id='line_1_3' title="bbox 311 749 1338 838; baseline 0.003 -23"><span class='ocrx_word' id='word_1_9' title='bbox 311 749 533 836; x_wconf 79' lang='lat' dir='ltr'>intellegeret,</span> <span class='ocrx_word' id='word_1_10' title='bbox 557 751 629 838; x_wconf 88' lang='lat' dir='ltr'>ipse</span> <span class='ocrx_word' id='word_1_11' title='bbox 652 749 817 816; x_wconf 88' lang='lat' dir='ltr'>Servilius</span> <span class='ocrx_word' id='word_1_12' title='bbox 839 750 1054 835; x_wconf 85' lang='lat' dir='ltr'>rogationem</span> <span class='ocrx_word' id='word_1_13' title='bbox 1077 771 1177 815; x_wconf 92' lang='lat' dir='ltr'>suam</span> <span class='ocrx_word' id='word_1_14' title='bbox 1199 751 1338 820; x_wconf 80' lang='lat' dir='ltr'>dimisit.</span> 
     </span>
     <span class='ocr_line' id='line_1_4' title="bbox 358 862 1486 952; baseline 0.004 -24"><span class='ocrx_word' id='word_1_15' title='bbox 358 863 543 951; x_wconf 89' lang='lat' dir='ltr'>Pompeius</span> <span class='ocrx_word' id='word_1_16' title='bbox 575 884 620 928; x_wconf 87' lang='lat' dir='ltr'>ex</span> <span class='ocrx_word' id='word_1_17' title='bbox 652 863 735 928; x_wconf 88' lang='lat' dir='ltr'>Asia</span> <span class='ocrx_word' id='word_1_18' title='bbox 766 863 902 929; x_wconf 91' lang='lat' dir='ltr'>rediens</span> <span class='ocrx_word' id='word_1_19' title='bbox 924 883 985 949; x_wconf 87' lang='lat' dir='ltr'>per</span> <span class='ocrx_word' id='word_1_20' title='bbox 1007 862 1169 930; x_wconf 86' lang='lat' dir='ltr'>Flavium</span> <span class='ocrx_word' id='word_1_21' title='bbox 1190 885 1290 949; x_wconf 91' lang='lat' dir='ltr'>agere</span> <span class='ocrx_word' id='word_1_22' title='bbox 1313 866 1426 952; x_wconf 90' lang='lat' dir='ltr'>coepit</span> <span class='ocrx_word' id='word_1_23' title='bbox 1446 873 1486 932; x_wconf 92' lang='lat' dir='ltr'>ut</span> 
     </span>
     <span class='ocr_line' id='line_1_5' title="bbox 313 975 1485 1066; baseline 0.003 -24"><span class='ocrx_word' id='word_1_24' title='bbox 313 975 480 1042; x_wconf 87' lang='lat' dir='ltr'>militibus</span> <span class='ocrx_word' id='word_1_25' title='bbox 513 976 583 1042; x_wconf 91' lang='lat' dir='ltr'>suis</span> <span class='ocrx_word' id='word_1_26' title='bbox 605 975 679 1061; x_wconf 88' lang='lat' dir='ltr'>agri</span> <span class='ocrx_word' id='word_1_27' title='bbox 701 976 966 1060; x_wconf 82' lang='lat' dir='ltr'>assignarentur.</span> <span class='ocrx_word' id='word_1_28' title='bbox 1013 975 1114 1054; x_wconf 81' lang='lat' dir='ltr'>Quod</span> <span class='ocrx_word' id='word_1_29' title='bbox 1138 997 1206 1062; x_wconf 92' lang='lat' dir='ltr'>quo</span> <span class='ocrx_word' id='word_1_30' title='bbox 1223 975 1356 1044; x_wconf 79' lang='lat' dir='ltr'>facilius</span> <span class='ocrx_word' id='word_1_31' title='bbox 1378 979 1485 1066; x_wconf 93' lang='lat' dir='ltr'>impe-</span> 
     </span>
     <span class='ocr_line' id='line_1_6' title="bbox 311 1087 1484 1178; baseline 0.003 -23"><span class='ocrx_word' id='word_1_32' title='bbox 311 1096 425 1171; x_wconf 89' lang='lat' dir='ltr'>traret,</span> <span class='ocrx_word' id='word_1_33' title='bbox 458 1089 600 1156; x_wconf 88' lang='lat' dir='ltr'>Flavius</span> <span class='ocrx_word' id='word_1_34' title='bbox 632 1088 756 1154; x_wconf 90' lang='lat' dir='ltr'>adiecit</span> <span class='ocrx_word' id='word_1_35' title='bbox 789 1095 829 1154; x_wconf 93' lang='lat' dir='ltr'>ut</span> <span class='ocrx_word' id='word_1_36' title='bbox 863 1089 968 1154; x_wconf 90' lang='lat' dir='ltr'>etiam</span> <span class='ocrx_word' id='word_1_37' title='bbox 990 1087 1151 1154; x_wconf 92' lang='lat' dir='ltr'>omnibus</span> <span class='ocrx_word' id='word_1_38' title='bbox 1173 1089 1305 1156; x_wconf 89' lang='lat' dir='ltr'>civibus</span> <span class='ocrx_word' id='word_1_39' title='bbox 1329 1089 1354 1178; x_wconf 78' lang='grc' dir='ltr'>ι)</span> <span class='ocrx_word' id='word_1_40' title='bbox 1378 1099 1484 1158; x_wconf 84' lang='lat' dir='ltr'>sortes</span> 
     </span>
     <span class='ocr_line' id='line_1_7' title="bbox 313 1202 1484 1289; baseline 0.003 -21"><span class='ocrx_word' id='word_1_41' title='bbox 313 1224 476 1289; x_wconf 91' lang='lat' dir='ltr'>agrorum</span> <span class='ocrx_word' id='word_1_42' title='bbox 499 1203 682 1268; x_wconf 87' lang='lat' dir='ltr'>darentur.</span> <span class='ocrx_word' id='word_1_43' title='bbox 728 1203 776 1267; x_wconf 92' lang='lat' dir='ltr'>At</span> <span class='ocrx_word' id='word_1_44' title='bbox 812 1202 912 1282; x_wconf 88' lang='lat' dir='ltr'>,huic</span> <span class='ocrx_word' id='word_1_45' title='bbox 936 1202 999 1267; x_wconf 91' lang='lat' dir='ltr'>toti</span> <span class='ocrx_word' id='word_1_46' title='bbox 1021 1203 1145 1267; x_wconf 91' lang='lat' dir='ltr'>rationi</span> <span class='ocrx_word' id='word_1_47' title='bbox 1169 1204 1322 1288; x_wconf 85' lang='lat' dir='ltr'>agrariae</span> <span class='ocrx_word' id='word_1_48' title='bbox 1345 1212 1484 1271; x_wconf 87' lang='lat' dir='ltr'>senatus</span> 
     </span>
     <span class='ocr_line' id='line_1_8' title="bbox 313 1315 1484 1404; baseline 0.001 -21"><span class='ocrx_word' id='word_1_49' title='bbox 313 1315 566 1397; x_wconf 88' lang='lat' dir='ltr'>adversabatur,</span> <span class='ocrx_word' id='word_1_50' title='bbox 590 1315 765 1402; x_wconf 90' lang='lat' dir='ltr'>suspicans</span> <span class='ocrx_word' id='word_1_51' title='bbox 787 1315 952 1402; x_wconf 92' lang='lat' dir='ltr'>Pompeio</span> <span class='ocrx_word' id='word_1_52' title='bbox 964 1336 1093 1382; x_wconf 87' lang='lat' dir='ltr'>novam</span> <span class='ocrx_word' id='word_1_53' title='bbox 1105 1316 1281 1403; x_wconf 93' lang='lat' dir='ltr'>quandam</span> <span class='ocrx_word' id='word_1_54' title='bbox 1292 1319 1484 1404; x_wconf 88' lang='lat' dir='ltr'>potentiam</span> 
     </span>
     <span class='ocr_line' id='line_1_9' title="bbox 314 1428 1482 1518; baseline 0.002 -22"><span class='ocrx_word' id='word_1_55' title='bbox 314 1431 463 1518; x_wconf 87' lang='lat' dir='ltr'>quaeri.&#39;&#39;</span> <span class='ocrx_word' id='word_1_56' title='bbox 478 1428 504 1516; x_wconf 67' lang='grc' dir='ltr'>Β)</span> <span class='ocrx_word' id='word_1_57' title='bbox 527 1429 644 1496; x_wconf 83' lang='lat' dir='ltr'>Cicero</span> <span class='ocrx_word' id='word_1_58' title='bbox 660 1428 802 1515; x_wconf 91' lang='lat' dir='ltr'>quidem</span> <span class='ocrx_word' id='word_1_59' title='bbox 813 1429 944 1513; x_wconf 90' lang='lat' dir='ltr'>rogatio</span> <span class='ocrx_word' id='word_1_60' title='bbox 957 1435 996 1494; x_wconf 92' lang='lat' dir='ltr'>ut</span> <span class='ocrx_word' id='word_1_61' title='bbox 1007 1429 1214 1515; x_wconf 88' lang='lat' dir='ltr'>perferretur</span> <span class='ocrx_word' id='word_1_62' title='bbox 1226 1451 1367 1517; x_wconf 92' lang='lat' dir='ltr'>operam</span> <span class='ocrx_word' id='word_1_63' title='bbox 1378 1431 1482 1498; x_wconf 89' lang='lat' dir='ltr'>dedit.</span> 
     </span>
     <span class='ocr_line' id='line_1_10' title="bbox 313 1543 1484 1630; baseline 0.001 -20"><span class='ocrx_word' id='word_1_64' title='bbox 313 1544 437 1611; x_wconf 80' lang='lat' dir='ltr'>Scribit</span> <span class='ocrx_word' id='word_1_65' title='bbox 470 1544 584 1609; x_wconf 91' lang='lat' dir='ltr'>enim:</span> <span class='ocrx_word' id='word_1_66' title='bbox 623 1543 716 1627; x_wconf 85' lang='lat' dir='ltr'>,Ego</span> <span class='ocrx_word' id='word_1_67' title='bbox 743 1548 860 1608; x_wconf 90' lang='lat' dir='ltr'>autem</span> <span class='ocrx_word' id='word_1_68' title='bbox 882 1564 1115 1628; x_wconf 91' lang='lat' dir='ltr'>magnacum</span> <span class='ocrx_word' id='word_1_69' title='bbox 1137 1543 1351 1628; x_wconf 90' lang='lat' dir='ltr'>agrariorum</span> <span class='ocrx_word' id='word_1_70' title='bbox 1373 1546 1484 1630; x_wconf 88' lang='lat' dir='ltr'>gratia</span> 
     </span>
     <span class='ocr_line' id='line_1_11' title="bbox 311 1655 1484 1742; baseline 0 -17"><span class='ocrx_word' id='word_1_71' title='bbox 311 1657 559 1725; x_wconf 89' lang='lat' dir='ltr'>confirmabam</span> <span class='ocrx_word' id='word_1_72' title='bbox 570 1657 727 1721; x_wconf 93' lang='lat' dir='ltr'>omnium</span> <span class='ocrx_word' id='word_1_73' title='bbox 739 1655 953 1742; x_wconf 87' lang='lat' dir='ltr'>privatorum</span> <span class='ocrx_word' id='word_1_74' title='bbox 965 1656 1211 1742; x_wconf 87' lang='lat' dir='ltr'>possessiones:</span> <span class='ocrx_word' id='word_1_75' title='bbox 1229 1658 1314 1723; x_wconf 92' lang='lat' dir='ltr'>—is</span> <span class='ocrx_word' id='word_1_76' title='bbox 1326 1659 1422 1724; x_wconf 90' lang='lat' dir='ltr'>enim</span> <span class='ocrx_word' id='word_1_77' title='bbox 1434 1667 1484 1725; x_wconf 89' lang='lat' dir='ltr'>est</span> 
     </span>
     <span class='ocr_line' id='line_1_12' title="bbox 312 1747 1484 1859; baseline 0.001 -21"><span class='ocrx_word' id='word_1_78' title='bbox 312 1778 426 1838; x_wconf 88' lang='lat' dir='ltr'>noster</span> <span class='ocrx_word' id='word_1_79' title='bbox 449 1771 627 1851; x_wconf 86' lang='lat' dir='ltr'>exercitus,</span> <span class='ocrx_word' id='word_1_80' title='bbox 651 1768 843 1850; x_wconf 92' lang='lat' dir='ltr'>hominum,</span> <span class='ocrx_word' id='word_1_81' title='bbox 867 1775 906 1833; x_wconf 92' lang='lat' dir='ltr'>ut</span> <span class='ocrx_word' id='word_1_82' title='bbox 928 1775 1000 1834; x_wconf 88' lang='lat' dir='ltr'>tute</span> <span class='ocrx_word' id='word_1_83' title='bbox 1019 1747 1096 1850; x_wconf 84' lang='lat' dir='ltr'>scis,</span> <span class='ocrx_word' id='word_1_84' title='bbox 1112 1768 1355 1856; x_wconf 82' lang='lat' dir='ltr'>locupletium:</span> <span class='ocrx_word' id='word_1_85' title='bbox 1369 1794 1484 1859; x_wconf 94' lang='lat' dir='ltr'>-po-</span> 
     </span>
     <span class='ocr_line' id='line_1_13' title="bbox 313 1882 1483 1973; baseline 0 -22"><span class='ocrx_word' id='word_1_86' title='bbox 313 1883 395 1973; x_wconf 94' lang='lat' dir='ltr'>pulo</span> <span class='ocrx_word' id='word_1_87' title='bbox 418 1891 535 1951; x_wconf 89' lang='lat' dir='ltr'>autem</span> <span class='ocrx_word' id='word_1_88' title='bbox 557 1889 591 1949; x_wconf 90' lang='lat' dir='ltr'>et</span> <span class='ocrx_word' id='word_1_89' title='bbox 613 1883 777 1969; x_wconf 91' lang='lat' dir='ltr'>Pompeio</span> <span class='ocrx_word' id='word_1_90' title='bbox 801 1919 844 1930; x_wconf 91' lang='lat'>-</span> <span class='ocrx_word' id='word_1_91' title='bbox 867 1903 951 1947; x_wconf 95' lang='lat' dir='ltr'>nam</span> <span class='ocrx_word' id='word_1_92' title='bbox 961 1882 998 1947; x_wconf 95' lang='lat' dir='ltr'>id</span> <span class='ocrx_word' id='word_1_93' title='bbox 1010 1899 1148 1969; x_wconf 90' lang='lat' dir='ltr'>quoque</span> <span class='ocrx_word' id='word_1_94' title='bbox 1162 1882 1483 1952; x_wconf 84' lang='lat' dir='ltr'>volebam-satis-</span> 
     </span>
     <span class='ocr_line' id='line_1_14' title="bbox 310 1995 1481 2084; baseline 0.002 -21"><span class='ocrx_word' id='word_1_95' title='bbox 310 1999 476 2065; x_wconf 88' lang='lat' dir='ltr'>faciebam</span> <span class='ocrx_word' id='word_1_96' title='bbox 511 1997 703 2083; x_wconf 88' lang='lat' dir='ltr'>emptione:</span> <span class='ocrx_word' id='word_1_97' title='bbox 730 2018 799 2084; x_wconf 88' lang='lat' dir='ltr'>qua</span> <span class='ocrx_word' id='word_1_98' title='bbox 821 1996 1006 2061; x_wconf 87' lang='lat' dir='ltr'>constituta</span> <span class='ocrx_word' id='word_1_99' title='bbox 1028 1995 1220 2081; x_wconf 89' lang='lat' dir='ltr'>diligenter,</span> <span class='ocrx_word' id='word_1_100' title='bbox 1245 2004 1279 2063; x_wconf 91' lang='lat' dir='ltr'>ct</span> <span class='ocrx_word' id='word_1_101' title='bbox 1302 1999 1481 2065; x_wconf 90' lang='lat' dir='ltr'>sentinam</span> 
     </span>
     <span class='ocr_line' id='line_1_15' title="bbox 313 2109 1481 2197; baseline -0.002 -19"><span class='ocrx_word' id='word_1_102' title='bbox 313 2112 407 2178; x_wconf 88' lang='lat' dir='ltr'>urbis</span> <span class='ocrx_word' id='word_1_103' title='bbox 419 2110 594 2178; x_wconf 89' lang='lat' dir='ltr'>exhauriri</span> <span class='ocrx_word' id='word_1_104' title='bbox 605 2109 632 2196; x_wconf 70' lang='grc'>1)</span> <span class='ocrx_word' id='word_1_105' title='bbox 652 2116 685 2175; x_wconf 89' lang='grc'>61</span> <span class='ocrx_word' id='word_1_106' title='bbox 696 2109 816 2174; x_wconf 86' lang='grc'><strong>1161166</strong></span> <span class='ocrx_word' id='word_1_107' title='bbox 829 2109 1051 2175; x_wconf 86' lang='lat' dir='ltr'>solitudinem</span> <span class='ocrx_word' id='word_1_108' title='bbox 1063 2110 1273 2196; x_wconf 87' lang='lat' dir='ltr'>frequentari</span> <span class='ocrx_word' id='word_1_109' title='bbox 1285 2133 1381 2197; x_wconf 90' lang='lat' dir='ltr'>posse</span> <span class='ocrx_word' id='word_1_110' title='bbox 1393 2112 1481 2178; x_wconf 93' lang='lat' dir='ltr'>arbi-</span> 
     </span>
     <span class='ocr_line' id='line_1_16' title="bbox 314 2223 1480 2313; baseline -0.002 -21"><span class='ocrx_word' id='word_1_111' title='bbox 314 2225 459 2292; x_wconf 85' lang='lat' dir='ltr'>trabar.’&#39;</span> <span class='ocrx_word' id='word_1_112' title='bbox 476 2225 503 2311; x_wconf 77' lang='grc'>4)</span> <span class='ocrx_word' id='word_1_113' title='bbox 519 2223 605 2304; x_wconf 83' lang='lat' dir='ltr'>„Sed</span> <span class='ocrx_word' id='word_1_114' title='bbox 617 2224 701 2288; x_wconf 87' lang='lat' dir='ltr'>haec</span> <span class='ocrx_word' id='word_1_115' title='bbox 713 2229 784 2288; x_wconf 89' lang='lat' dir='ltr'>tota</span> <span class='ocrx_word' id='word_1_116' title='bbox 807 2244 859 2288; x_wconf 90' lang='lat' dir='ltr'>res</span> <span class='ocrx_word' id='word_1_117' title='bbox 881 2223 1100 2309; x_wconf 88' lang='lat' dir='ltr'>interpellata</span> <span class='ocrx_word' id='word_1_118' title='bbox 1123 2223 1213 2289; x_wconf 88' lang='lat' dir='ltr'>bello</span> <span class='ocrx_word' id='word_1_119' title='bbox 1227 2225 1438 2292; x_wconf 84' lang='lat' dir='ltr'>refrixerat.&#39;&#39;</span> <span class='ocrx_word' id='word_1_120' title='bbox 1455 2227 1480 2313; x_wconf 82' lang='lat'>⁶)</span> 
     </span>
     <span class='ocr_line' id='line_1_17' title="bbox 359 2318 1481 2426; baseline -0.001 -20"><span class='ocrx_word' id='word_1_121' title='bbox 359 2318 411 2406; x_wconf 85' lang='lat' dir='ltr'>Ea</span> <span class='ocrx_word' id='word_1_122' title='bbox 443 2360 530 2425; x_wconf 88' lang='lat' dir='ltr'>quae</span> <span class='ocrx_word' id='word_1_123' title='bbox 558 2337 683 2401; x_wconf 82' lang='lat' dir='ltr'>frustra</span> <span class='ocrx_word' id='word_1_124' title='bbox 716 2336 901 2422; x_wconf 90' lang='lat' dir='ltr'>Pompeius</span> <span class='ocrx_word' id='word_1_125' title='bbox 936 2343 1078 2401; x_wconf 91' lang='lat' dir='ltr'>conatus</span> <span class='ocrx_word' id='word_1_126' title='bbox 1117 2344 1199 2417; x_wconf 91' lang='lat' dir='ltr'>erat,</span> <span class='ocrx_word' id='word_1_127' title='bbox 1225 2338 1348 2403; x_wconf 82' lang='lat' dir='ltr'>Caesar</span> <span class='ocrx_word' id='word_1_128' title='bbox 1371 2339 1481 2426; x_wconf 92' lang='lat' dir='ltr'>impe·</span> 
     </span>
     <span class='ocr_line' id='line_1_18' title="bbox 313 2449 1481 2538; baseline -0.002 -18"><span class='ocrx_word' id='word_1_129' title='bbox 313 2453 426 2520; x_wconf 89' lang='lat' dir='ltr'>travit.</span> <span class='ocrx_word' id='word_1_130' title='bbox 473 2452 507 2516; x_wconf 90' lang='lat' dir='ltr'>ls</span> <span class='ocrx_word' id='word_1_131' title='bbox 530 2450 623 2516; x_wconf 91' lang='lat' dir='ltr'>enim</span> <span class='ocrx_word' id='word_1_132' title='bbox 657 2471 797 2515; x_wconf 90' lang='lat' dir='ltr'>omnem</span> <span class='ocrx_word' id='word_1_133' title='bbox 831 2471 954 2534; x_wconf 87' lang='lat' dir='ltr'>agrum</span> <span class='ocrx_word' id='word_1_134' title='bbox 989 2449 1178 2536; x_wconf 90' lang='lat' dir='ltr'>publicum,</span> <span class='ocrx_word' id='word_1_135' title='bbox 1215 2451 1275 2538; x_wconf 90' lang='lat' dir='ltr'>qui</span> <span class='ocrx_word' id='word_1_136' title='bbox 1308 2451 1346 2516; x_wconf 90' lang='lat' dir='ltr'>in</span> <span class='ocrx_word' id='word_1_137' title='bbox 1378 2451 1481 2518; x_wconf 88' lang='lat' dir='ltr'>Italia</span> 
     </span>
    </p>
   </div>
   <div class='ocr_carea' id='block_1_3' title="bbox 311 2564 1481 3220">
    <p class='ocr_par' dir='ltr' id='par_1_3' title="bbox 311 2564 1481 3220">
     <span class='ocr_line' id='line_1_19' title="bbox 313 2564 1481 2654; baseline -0.003 -22"><span class='ocrx_word' id='word_1_138' title='bbox 313 2571 496 2654; x_wconf 87' lang='lat' dir='ltr'>supererat,</span> <span class='ocrx_word' id='word_1_139' title='bbox 532 2570 665 2651; x_wconf 85' lang='lat' dir='ltr'>praeter</span> <span class='ocrx_word' id='word_1_140' title='bbox 699 2564 917 2649; x_wconf 83' lang='lat' dir='ltr'>Campanum</span> <span class='ocrx_word' id='word_1_141' title='bbox 950 2570 1054 2650; x_wconf 88' lang='lat' dir='ltr'>atque</span> <span class='ocrx_word' id='word_1_142' title='bbox 1093 2564 1208 2644; x_wconf 88' lang='lat' dir='ltr'>etiam,</span> <span class='ocrx_word' id='word_1_143' title='bbox 1234 2571 1273 2628; x_wconf 93' lang='grc'>11</span> <span class='ocrx_word' id='word_1_144' title='bbox 1295 2564 1481 2650; x_wconf 88' lang='lat' dir='ltr'>probabili·</span> 
     </span>
     <span class='ocr_line' id='line_1_20' title="bbox 313 2675 1478 2763; baseline -0.003 -16"><span class='ocrx_word' id='word_1_145' title='bbox 313 2688 365 2747; x_wconf 90' lang='lat' dir='ltr'>ter</span> <span class='ocrx_word' id='word_1_146' title='bbox 398 2678 574 2745; x_wconf 86' lang='lat' dir='ltr'>contendit</span> <span class='ocrx_word' id='word_1_147' title='bbox 607 2678 742 2763; x_wconf 87' lang='lat' dir='ltr'>Zumpt,</span> <span class='ocrx_word' id='word_1_148' title='bbox 760 2675 786 2762; x_wconf 61' lang='grc' dir='ltr'>ὅ)</span> <span class='ocrx_word' id='word_1_149' title='bbox 809 2683 943 2762; x_wconf 90' lang='lat' dir='ltr'>praeter</span> <span class='ocrx_word' id='word_1_150' title='bbox 967 2697 1132 2762; x_wconf 90' lang='lat' dir='ltr'>eampum</span> <span class='ocrx_word' id='word_1_151' title='bbox 1155 2675 1331 2742; x_wconf 86' lang='lat' dir='ltr'>Stellatem</span> <span class='ocrx_word' id='word_1_152' title='bbox 1353 2677 1478 2760; x_wconf 91' lang='lat' dir='ltr'>divisit,</span> 
     </span>
     <span class='ocr_line' id='line_1_21' title="bbox 313 2791 1480 2881; baseline -0.003 -21"><span class='ocrx_word' id='word_1_153' title='bbox 313 2794 418 2881; x_wconf 91' lang='lat' dir='ltr'>idque</span> <span class='ocrx_word' id='word_1_154' title='bbox 440 2791 489 2858; x_wconf 87' lang='lat' dir='ltr'>ita</span> <span class='ocrx_word' id='word_1_155' title='bbox 525 2797 583 2872; x_wconf 88' lang='lat' dir='ltr'>,ut</span> <span class='ocrx_word' id='word_1_156' title='bbox 616 2812 697 2876; x_wconf 91' lang='lat' dir='ltr'>ager</span> <span class='ocrx_word' id='word_1_157' title='bbox 731 2796 910 2870; x_wconf 91' lang='lat' dir='ltr'>emeretur,</span> <span class='ocrx_word' id='word_1_158' title='bbox 946 2811 1017 2854; x_wconf 91' lang='lat' dir='ltr'>non</span> <span class='ocrx_word' id='word_1_159' title='bbox 1052 2795 1159 2870; x_wconf 91' lang='lat' dir='ltr'>tanto,</span> <span class='ocrx_word' id='word_1_160' title='bbox 1196 2797 1325 2876; x_wconf 89' lang='lat' dir='ltr'>quanto</span> <span class='ocrx_word' id='word_1_161' title='bbox 1352 2791 1480 2858; x_wconf 86' lang='lat' dir='ltr'>vellent</span> 
     </span>
     <span class='ocr_line' id='line_1_22' title="bbox 313 2882 1479 2994; baseline -0.003 -20"><span class='ocrx_word' id='word_1_162' title='bbox 313 2928 476 2994; x_wconf 91' lang='lat' dir='ltr'>agrorum</span> <span class='ocrx_word' id='word_1_163' title='bbox 509 2904 681 2984; x_wconf 89' lang='lat' dir='ltr'>divisores,</span> <span class='ocrx_word' id='word_1_164' title='bbox 718 2903 810 2990; x_wconf 94' lang='lat' dir='ltr'>quod</span> <span class='ocrx_word' id='word_1_165' title='bbox 833 2905 944 2968; x_wconf 89' lang='lat' dir='ltr'>suerat</span> <span class='ocrx_word' id='word_1_166' title='bbox 966 2902 1151 2989; x_wconf 87' lang='lat' dir='ltr'>aliquando</span> <span class='ocrx_word' id='word_1_167' title='bbox 1174 2882 1421 2990; x_wconf 77' lang='lat' dir='ltr'>reprehensum</span> <span class='ocrx_word' id='word_1_168' title='bbox 1443 2906 1479 2970; x_wconf 92' lang='lat' dir='ltr'>in</span> 
     </span>
     <span class='ocr_line' id='line_1_23' title="bbox 311 3016 1478 3108; baseline -0.003 -21"><span class='ocrx_word' id='word_1_169' title='bbox 311 3022 386 3108; x_wconf 89' lang='lat' dir='ltr'>lege</span> <span class='ocrx_word' id='word_1_170' title='bbox 409 3018 562 3100; x_wconf 84' lang='lat' dir='ltr'>Servilia,</span> <span class='ocrx_word' id='word_1_171' title='bbox 586 3018 645 3084; x_wconf 90' lang='lat' dir='ltr'>sed</span> <span class='ocrx_word' id='word_1_172' title='bbox 669 3017 789 3104; x_wconf 91' lang='lat' dir='ltr'>quanti</span> <span class='ocrx_word' id='word_1_173' title='bbox 811 3016 1008 3082; x_wconf 87' lang='lat' dir='ltr'>aestimatus</span> <span class='ocrx_word' id='word_1_174' title='bbox 1031 3023 1117 3082; x_wconf 90' lang='lat' dir='ltr'>esset</span> <span class='ocrx_word' id='word_1_175' title='bbox 1138 3017 1175 3081; x_wconf 91' lang='lat' dir='ltr'>in</span> <span class='ocrx_word' id='word_1_176' title='bbox 1194 3017 1352 3103; x_wconf 87' lang='lat' dir='ltr'>proximo</span> <span class='ocrx_word' id='word_1_177' title='bbox 1365 3040 1478 3100; x_wconf 92' lang='lat' dir='ltr'>censu,</span> 
     </span>
     <span class='ocr_line' id='line_1_24' title="bbox 313 3129 1480 3220; baseline -0.003 -18"><span class='ocrx_word' id='word_1_178' title='bbox 313 3157 375 3202; x_wconf 89' lang='lat' dir='ltr'>nec</span> <span class='ocrx_word' id='word_1_179' title='bbox 410 3133 453 3200; x_wconf 91' lang='lat' dir='ltr'>ab</span> <span class='ocrx_word' id='word_1_180' title='bbox 487 3132 614 3213; x_wconf 88' lang='lat' dir='ltr'>invitis,</span> <span class='ocrx_word' id='word_1_181' title='bbox 639 3131 740 3196; x_wconf 92' lang='lat' dir='ltr'>seda</span> <span class='ocrx_word' id='word_1_182' title='bbox 762 3129 965 3211; x_wconf 87' lang='lat' dir='ltr'>volentibus,</span> <span class='ocrx_word' id='word_1_183' title='bbox 991 3131 1175 3217; x_wconf 91' lang='lat' dir='ltr'>quodiam</span> <span class='ocrx_word' id='word_1_184' title='bbox 1198 3130 1362 3198; x_wconf 82' lang='lat' dir='ltr'>Servilius</span> <span class='ocrx_word' id='word_1_185' title='bbox 1385 3154 1480 3220; x_wconf 88' lang='lat' dir='ltr'>prae·</span> 
     </span>
    </p>
   </div>
   <div class='ocr_carea' id='block_1_4' title="bbox 289 3335 1483 4248">
    <p class='ocr_par' dir='ltr' id='par_1_4' title="bbox 348 3335 1478 3416">
     <span class='ocr_line' id='line_1_25' title="bbox 348 3335 1478 3416; baseline -0.008 -12"><span class='ocrx_word' id='word_1_186' title='bbox 348 3355 366 3416; x_wconf 76' lang='grc' dir='ltr'>ι)</span> <span class='ocrx_word' id='word_1_187' title='bbox 382 3356 419 3403; x_wconf 86' lang='lat' dir='ltr'>lta</span> <span class='ocrx_word' id='word_1_188' title='bbox 435 3352 522 3416; x_wconf 81' lang='lat' dir='ltr'>legitur</span> <span class='ocrx_word' id='word_1_189' title='bbox 530 3349 592 3414; x_wconf 79' lang='lat' dir='ltr'>apud</span> <span class='ocrx_word' id='word_1_190' title='bbox 601 3348 702 3396; x_wconf 85' lang='lat' dir='ltr'>Dionem</span> <span class='ocrx_word' id='word_1_191' title='bbox 711 3347 819 3396; x_wconf 80' lang='lat' dir='ltr'>Cassium</span> <span class='ocrx_word' id='word_1_192' title='bbox 828 3346 958 3408; x_wconf 77' lang='lat' dir='ltr'>(XXXVII,</span> <span class='ocrx_word' id='word_1_193' title='bbox 971 3347 1010 3406; x_wconf 86' lang='lat'>50,</span> <span class='ocrx_word' id='word_1_194' title='bbox 1020 3347 1060 3408; x_wconf 89' lang='lat'>1):</span> <span class='ocrx_word' id='word_1_195' title='bbox 1081 3335 1147 3400; x_wconf 75' lang='grc'><strong>1111111</strong></span> <span class='ocrx_word' id='word_1_196' title='bbox 1157 3343 1233 3394; x_wconf 77' lang='grc' dir='ltr'>πᾶσι</span> <span class='ocrx_word' id='word_1_197' title='bbox 1242 3345 1303 3405; x_wconf 76' lang='grc' dir='ltr'><em>τοῖς</em></span> <span class='ocrx_word' id='word_1_198' title='bbox 1313 3338 1478 3406; x_wconf 54' lang='lat' dir='ltr'>retiret?</span> 
     </span>
    </p>

    <p class='ocr_par' dir='ltr' id='par_1_5' title="bbox 289 3419 1479 3581">
     <span class='ocr_line' id='line_1_26' title="bbox 312 3419 1479 3503; baseline -0.007 -15"><span class='ocrx_word' id='word_1_199' title='bbox 312 3440 399 3503; x_wconf 78' lang='lat' dir='ltr'>Zumpt</span> <span class='ocrx_word' id='word_1_200' title='bbox 421 3436 447 3499; x_wconf 87' lang='lat' dir='ltr'>(l.</span> <span class='ocrx_word' id='word_1_201' title='bbox 465 3435 485 3483; x_wconf 88' lang='lat' dir='ltr'>l.-</span> <span class='ocrx_word' id='word_1_202' title='bbox 509 3449 559 3498; x_wconf 90' lang='lat' dir='ltr'>pag.</span> <span class='ocrx_word' id='word_1_203' title='bbox 587 3431 652 3491; x_wconf 77' lang='lat'>274),</span> <span class='ocrx_word' id='word_1_204' title='bbox 679 3447 749 3494; x_wconf 84' lang='lat' dir='ltr'>quem</span> <span class='ocrx_word' id='word_1_205' title='bbox 776 3431 913 3494; x_wconf 82' lang='lat' dir='ltr'>Marquardt</span> <span class='ocrx_word' id='word_1_206' title='bbox 929 3429 955 3493; x_wconf 83' lang='grc'>(1.</span> <span class='ocrx_word' id='word_1_207' title='bbox 974 3429 991 3478; x_wconf 91' lang='lat' dir='ltr'>l.</span> <span class='ocrx_word' id='word_1_208' title='bbox 1009 3447 1061 3494; x_wconf 88' lang='lat' dir='ltr'>pag.</span> <span class='ocrx_word' id='word_1_209' title='bbox 1080 3431 1137 3491; x_wconf 87' lang='grc'><strong>113)</strong></span> <span class='ocrx_word' id='word_1_210' title='bbox 1156 3436 1179 3480; x_wconf 87' lang='grc'>61</span> <span class='ocrx_word' id='word_1_211' title='bbox 1196 3432 1330 3481; x_wconf 80' lang='grc' dir='ltr'><strong>Ρ11111111111111</strong></span> <span class='ocrx_word' id='word_1_212' title='bbox 1348 3419 1377 3494; x_wconf 83' lang='lat' dir='ltr'>(o.</span> <span class='ocrx_word' id='word_1_213' title='bbox 1396 3433 1413 3482; x_wconf 93' lang='lat' dir='ltr'>l.</span> <span class='ocrx_word' id='word_1_214' title='bbox 1429 3451 1479 3498; x_wconf 85' lang='lat' dir='ltr'>pag.</span> 
     </span>
     <span class='ocr_line' id='line_1_27' title="bbox 289 3494 1479 3581; baseline -0.005 -9"><span class='ocrx_word' id='word_1_215' title='bbox 289 3494 361 3572; x_wconf 65' lang='lat'>&#39;154</span> <span class='ocrx_word' id='word_1_216' title='bbox 386 3521 440 3569; x_wconf 91' lang='lat' dir='ltr'>adn.</span> <span class='ocrx_word' id='word_1_217' title='bbox 463 3521 487 3578; x_wconf 79' lang='grc'>5)</span> <span class='ocrx_word' id='word_1_218' title='bbox 512 3515 585 3564; x_wconf 87' lang='lat' dir='ltr'>secuti</span> <span class='ocrx_word' id='word_1_219' title='bbox 611 3518 673 3572; x_wconf 87' lang='lat' dir='ltr'>sunt,</span> <span class='ocrx_word' id='word_1_220' title='bbox 691 3514 771 3562; x_wconf 87' lang='lat' dir='ltr'>minus</span> <span class='ocrx_word' id='word_1_221' title='bbox 788 3517 892 3562; x_wconf 83' lang='grc'><strong>16611116</strong></span> <span class='ocrx_word' id='word_1_222' title='bbox 909 3513 937 3561; x_wconf 90' lang='lat' dir='ltr'>de</span> <span class='ocrx_word' id='word_1_223' title='bbox 954 3513 1004 3561; x_wconf 87' lang='lat' dir='ltr'>sola</span> <span class='ocrx_word' id='word_1_224' title='bbox 1020 3513 1089 3578; x_wconf 85' lang='lat' dir='ltr'>plebe</span> <span class='ocrx_word' id='word_1_225' title='bbox 1107 3514 1197 3563; x_wconf 82' lang='lat' dir='ltr'>urbana</span> <span class='ocrx_word' id='word_1_226' title='bbox 1214 3514 1327 3579; x_wconf 85' lang='lat' dir='ltr'>loquitur,</span> <span class='ocrx_word' id='word_1_227' title='bbox 1337 3532 1479 3581; x_wconf 81' lang='lat' dir='ltr'>quamquam</span> 
     </span>
    </p>

    <p class='ocr_par' dir='ltr' id='par_1_6' title="bbox 314 3595 1023 3670">
     <span class='ocr_line' id='line_1_28' title="bbox 314 3595 1023 3670; baseline -0.016 -15"><span class='ocrx_word' id='word_1_228' title='bbox 314 3607 375 3655; x_wconf 85' lang='grc'><strong>111116</strong></span> <span class='ocrx_word' id='word_1_229' title='bbox 392 3602 543 3670; x_wconf 83' lang='lat' dir='ltr'>potissimum</span> <span class='ocrx_word' id='word_1_230' title='bbox 560 3600 686 3661; x_wconf 77' lang='lat' dir='ltr'>respectam</span> <span class='ocrx_word' id='word_1_231' title='bbox 702 3597 776 3645; x_wconf 73' lang='lat' dir='ltr'>fuisse</span> <span class='ocrx_word' id='word_1_232' title='bbox 792 3595 861 3644; x_wconf 83' lang='grc'><strong>116116</strong></span> <span class='ocrx_word' id='word_1_233' title='bbox 878 3596 1023 3645; x_wconf 85' lang='lat' dir='ltr'>crediderim.</span> 
     </span>
    </p>

    <p class='ocr_par' dir='ltr' id='par_1_7' title="bbox 350 3680 700 3750">
     <span class='ocr_line' id='line_1_29' title="bbox 350 3680 700 3750; baseline -0.031 -13"><span class='ocrx_word' id='word_1_234' title='bbox 350 3688 370 3750; x_wconf 64' lang='grc'>1)</span> <span class='ocrx_word' id='word_1_235' title='bbox 389 3687 438 3736; x_wconf 84' lang='lat' dir='ltr'>Cio.</span> <span class='ocrx_word' id='word_1_236' title='bbox 456 3685 494 3734; x_wconf 82' lang='lat' dir='ltr'>Ad</span> <span class='ocrx_word' id='word_1_237' title='bbox 510 3684 560 3731; x_wconf 77' lang='lat' dir='ltr'>Aa.</span> <span class='ocrx_word' id='word_1_238' title='bbox 577 3681 597 3739; x_wconf 96' lang='lat' dir='ltr'>I,</span> <span class='ocrx_word' id='word_1_239' title='bbox 616 3680 655 3738; x_wconf 81' lang='lat'>19,</span> <span class='ocrx_word' id='word_1_240' title='bbox 677 3681 700 3727; x_wconf 79' lang='lat'>4.</span> 
     </span>
    </p>

    <p class='ocr_par' dir='ltr' id='par_1_8' title="bbox 312 3761 1483 3996">
     <span class='ocr_line' id='line_1_30' title="bbox 346 3761 1483 3833; baseline -0.006 -12"><span class='ocrx_word' id='word_1_241' title='bbox 346 3771 367 3833; x_wconf 80' lang='lat'>¹)</span> <span class='ocrx_word' id='word_1_242' title='bbox 386 3769 499 3820; x_wconf 78' lang='lat' dir='ltr'>Attendas</span> <span class='ocrx_word' id='word_1_243' title='bbox 524 3762 673 3814; x_wconf 86' lang='lat' dir='ltr'>vocabulum.</span> <span class='ocrx_word' id='word_1_244' title='bbox 699 3761 747 3810; x_wconf 95' lang='lat' dir='ltr'>Illo</span> <span class='ocrx_word' id='word_1_245' title='bbox 772 3762 824 3827; x_wconf 85' lang='lat' dir='ltr'>ipso</span> <span class='ocrx_word' id='word_1_246' title='bbox 840 3778 894 3811; x_wconf 87' lang='lat' dir='ltr'>eum</span> <span class='ocrx_word' id='word_1_247' title='bbox 917 3762 1003 3811; x_wconf 83' lang='lat' dir='ltr'>Rullus</span> <span class='ocrx_word' id='word_1_248' title='bbox 1021 3779 1077 3810; x_wconf 88' lang='grc'><strong>1111</strong></span> <span class='ocrx_word' id='word_1_249' title='bbox 1094 3767 1153 3812; x_wconf 83' lang='grc'><strong>11161</strong></span> <span class='ocrx_word' id='word_1_250' title='bbox 1170 3763 1196 3812; x_wconf 88' lang='grc'>11</span> <span class='ocrx_word' id='word_1_251' title='bbox 1213 3763 1290 3812; x_wconf 87' lang='lat' dir='ltr'>simili</span> <span class='ocrx_word' id='word_1_252' title='bbox 1307 3780 1338 3823; x_wconf 88' lang='grc'>16,</span> <span class='ocrx_word' id='word_1_253' title='bbox 1356 3764 1439 3814; x_wconf 85' lang='lat' dir='ltr'>Cicero</span> <span class='ocrx_word' id='word_1_254' title='bbox 1454 3767 1483 3814; x_wconf 88' lang='lat' dir='ltr'>ad</span> 
     </span>
     <span class='ocr_line' id='line_1_31' title="bbox 312 3845 1481 3912; baseline -0.006 -9"><span class='ocrx_word' id='word_1_255' title='bbox 312 3855 371 3904; x_wconf 84' lang='lat' dir='ltr'>iram</span> <span class='ocrx_word' id='word_1_256' title='bbox 396 3851 541 3903; x_wconf 77' lang='lat' dir='ltr'>excitandam</span> <span class='ocrx_word' id='word_1_257' title='bbox 567 3846 637 3895; x_wconf 83' lang='lat' dir='ltr'>verba</span> <span class='ocrx_word' id='word_1_258' title='bbox 662 3845 688 3894; x_wconf 90' lang='lat' dir='ltr'>in</span> <span class='ocrx_word' id='word_1_259' title='bbox 719 3845 807 3894; x_wconf 83' lang='lat' dir='ltr'>melam</span> <span class='ocrx_word' id='word_1_260' title='bbox 824 3849 914 3910; x_wconf 76' lang='lat' dir='ltr'>partem</span> <span class='ocrx_word' id='word_1_261' title='bbox 930 3846 1069 3894; x_wconf 78' lang='lat' dir='ltr'>detorserat!</span> <span class='ocrx_word' id='word_1_262' title='bbox 1108 3845 1167 3895; x_wconf 87' lang='lat' dir='ltr'>Vide</span> <span class='ocrx_word' id='word_1_263' title='bbox 1183 3845 1233 3895; x_wconf 85' lang='lat' dir='ltr'>Cic.</span> <span class='ocrx_word' id='word_1_264' title='bbox 1253 3846 1288 3895; x_wconf 86' lang='lat' dir='ltr'>De</span> <span class='ocrx_word' id='word_1_265' title='bbox 1304 3847 1360 3911; x_wconf 81' lang='lat' dir='ltr'>Leg.</span> <span class='ocrx_word' id='word_1_266' title='bbox 1382 3864 1431 3912; x_wconf 92' lang='lat' dir='ltr'>agr.</span> <span class='ocrx_word' id='word_1_267' title='bbox 1449 3849 1481 3906; x_wconf 92' lang='lat' dir='ltr'>II,</span> 
     </span>
     <span class='ocr_line' id='line_1_32' title="bbox 317 3926 1032 3996; baseline -0.015 -10"><span class='ocrx_word' id='word_1_268' title='bbox 317 3938 357 3996; x_wconf 73' lang='lat'>2⁶,</span> <span class='ocrx_word' id='word_1_269' title='bbox 375 3936 415 3990; x_wconf 78' lang='lat'>70.</span> <span class='ocrx_word' id='word_1_270' title='bbox 433 3935 469 3983; x_wconf 83' lang='lat' dir='ltr'>Dc</span> <span class='ocrx_word' id='word_1_271' title='bbox 484 3933 528 3982; x_wconf 81' lang='lat' dir='ltr'>heo</span> <span class='ocrx_word' id='word_1_272' title='bbox 545 3946 570 3979; x_wconf 86' lang='lat' dir='ltr'>re</span> <span class='ocrx_word' id='word_1_273' title='bbox 586 3930 615 3977; x_wconf 82' lang='lat' dir='ltr'>cf.</span> <span class='ocrx_word' id='word_1_274' title='bbox 634 3927 705 3976; x_wconf 83' lang='lat' dir='ltr'>etiam</span> <span class='ocrx_word' id='word_1_275' title='bbox 723 3927 810 3977; x_wconf 85' lang='lat' dir='ltr'>Po&#39;hlm</span> <span class='ocrx_word' id='word_1_276' title='bbox 836 3927 853 3976; x_wconf 90' lang='lat' dir='ltr'>l.</span> <span class='ocrx_word' id='word_1_277' title='bbox 871 3926 888 3976; x_wconf 93' lang='lat' dir='ltr'>l.</span> <span class='ocrx_word' id='word_1_278' title='bbox 906 3943 958 3992; x_wconf 89' lang='lat' dir='ltr'>pag.</span> <span class='ocrx_word' id='word_1_279' title='bbox 977 3929 1032 3976; x_wconf 71' lang='lat'>154.</span> 
     </span>
    </p>

    <p class='ocr_par' dir='ltr' id='par_1_9' title="bbox 348 4011 627 4081">
     <span class='ocr_line' id='line_1_33' title="bbox 348 4011 627 4081; baseline -0.036 -12"><span class='ocrx_word' id='word_1_280' title='bbox 348 4011 627 4081; x_wconf 76' lang='grc'>4)016.11111111.1.1.</span> 
     </span>
    </p>

    <p class='ocr_par' dir='ltr' id='par_1_10' title="bbox 355 4101 457 4164">
     <span class='ocr_line' id='line_1_34' title="bbox 355 4101 457 4164; baseline 0 -14"><span class='ocrx_word' id='word_1_281' title='bbox 355 4103 374 4164; x_wconf 65' lang='grc' dir='ltr'>ι)</span> <span class='ocrx_word' id='word_1_282' title='bbox 395 4101 457 4150; x_wconf 85' lang='lat' dir='ltr'>Ibid.</span> 
     </span>
    </p>

    <p class='ocr_par' dir='ltr' id='par_1_11' title="bbox 352 4178 737 4248">
     <span class='ocr_line' id='line_1_35' title="bbox 352 4178 737 4248; baseline -0.018 -15"><span class='ocrx_word' id='word_1_283' title='bbox 352 4187 372 4248; x_wconf 76' lang='grc' dir='ltr'>Ι)</span> <span class='ocrx_word' id='word_1_284' title='bbox 390 4185 450 4234; x_wconf 85' lang='lat' dir='ltr'>Vide</span> <span class='ocrx_word' id='word_1_285' title='bbox 467 4199 522 4232; x_wconf 89' lang='grc'><strong>61111</strong></span> <span class='ocrx_word' id='word_1_286' title='bbox 538 4181 556 4231; x_wconf 94' lang='grc'>1.</span> <span class='ocrx_word' id='word_1_287' title='bbox 576 4179 594 4230; x_wconf 92' lang='lat' dir='ltr'>l.</span> <span class='ocrx_word' id='word_1_288' title='bbox 611 4196 663 4245; x_wconf 80' lang='lat' dir='ltr'>pag.</span> <span class='ocrx_word' id='word_1_289' title='bbox 681 4178 737 4231; x_wconf 76' lang='lat'>278.</span> 
     </span>
    </p>
   </div>
   <div class='ocr_carea' id='block_1_5' title="bbox 0 0 1642 4998">
    <p class='ocr_par' dir='ltr' id='par_1_12' title="bbox 0 0 1642 4998">
     <span class='ocr_line' id='line_1_36' title="bbox 0 0 1642 4998; baseline 0 1"><span class='ocrx_word' id='word_1_290' title='bbox 0 0 1642 4998; x_wconf 95' lang='lat' dir='ltr'> </span> 
     </span>
    </p>
   </div>
  </div>
 </body>
</html>
