3296 5008
827 461 893 526 240

268 660 340 706 csse
374 637 584 720 benefacere,
622 638 765 706 advenis
788 639 891 706 modo
913 639 950 705 in
974 645 1130 706 nostrum
1152 639 1273 707 delatis
1294 644 1436 726 portum

266 759 302 819 et
323 752 439 819 statim
462 751 607 818 abituris
629 753 860 819 succurrimus
881 753 999 838 ignoto
1021 754 1190 840 naufrago
1213 775 1349 833 navem,
1368 774 1439 839 qua

267 865 463 944 revehatur,
486 873 521 932 et
543 866 666 932 damus
688 873 723 932 ct
745 867 918 932 struimus.
941 866 1085 932 discedit
1106 866 1164 933 ille
1189 867 1249 934 vix
1264 867 1438 932 satisnoto

266 978 384 1046 salutis
406 987 544 1046 auctore
569 987 604 1046 et
626 1001 819 1067 numquam
835 980 984 1067 amplius
999 981 1034 1045 in
1048 987 1268 1067 conspectum
1282 986 1438 1046 nostrum

266 1115 465 1161 reversurus
499 1092 669 1160 debitores
702 1092 801 1160 nobis
836 1095 917 1160 deos
950 1093 1085 1180 delegat
1117 1101 1354 1180 precaturque,
1386 1092 1439 1158 illi

266 1227 385 1295 prose
409 1208 557 1292 gratiam
580 1207 746 1274 reddant:
774 1208 912 1273 interim
933 1229 996 1274 nos
1016 1208 1114 1274 iuvat
1136 1207 1258 1274 sterilis
1280 1206 1438 1273 beneficii
1459 1200 1461 1203 ’

266 1321 507 1388 conscientia.”
532 1359 576 1370 -
599 1321 769 1409 Denique,
791 1343 835 1386 ne
862 1321 963 1408 plura
985 1321 1139 1402 afferam,
1162 1320 1391 1400 DeGlem.H,
1405 1321 1437 1401 6,

267 1435 298 1516 2,
333 1436 376 1501 3:
413 1435 603 1522 ,(Sapiens)
629 1434 726 1501 dabit
748 1457 892 1501 manum
916 1435 1094 1520 naufrago,
1118 1434 1214 1501 exuli
1237 1434 1436 1521 hospitium,

267 1549 382 1634 egenti
416 1549 550 1636 stipem,
583 1571 653 1615 non
688 1548 778 1614 hanc
812 1547 1106 1629 contumeliosam,
1134 1570 1203 1636 qua
1227 1570 1305 1634 pars
1326 1548 1437 1613 maior

267 1662 403 1744 horum,
437 1663 498 1750 qui
521 1685 556 1729 se
580 1663 815 1730 misericordes
838 1663 948 1730 videri
972 1661 1101 1743 volunt,
1125 1661 1230 1728 abicit
1252 1667 1287 1728 et
1308 1661 1439 1727 fastidit

268 1797 354 1863 quos
377 1775 518 1843 adiuvat
540 1777 762 1864 contingique
785 1776 830 1843 ab
850 1777 904 1842 his
926 1777 1034 1857 timet,
1058 1775 1117 1842 sed
1133 1783 1172 1841 ut
1187 1774 1438 1842 homohomini

268 1911 313 1957 ex
347 1891 523 1956 communi
558 1890 663 1957 dabit.
710 1890 862 1958 Donabit
894 1890 1044 1956 lacrimis
1078 1890 1242 1955 maternis
1269 1888 1379 1954 filium
1403 1895 1439 1954 et

269 2009 406 2070 catenae
428 2002 514 2070 solvi
537 2003 670 2070 iubebit
692 2011 726 2070 et
740 2003 822 2070 ludo
832 2004 962 2070 eximet
973 2010 1008 2070 et
1018 2003 1165 2069 cadaver
1176 2003 1280 2069 etiam
1293 2002 1439 2068 noxium

269 2116 418 2204 sepeliet,
442 2117 501 2184 sed
526 2119 627 2185 saciet
649 2119 713 2184 ista
725 2118 911 2205 tranquilla
923 2124 1048 2199 mente,
1061 2117 1158 2185 voltu
1168 2138 1241 2184 suo.
1265 2117 1355 2201 Ergo
1367 2137 1439 2182 non

269 2230 486 2298 miserebitur
508 2233 652 2318 sapiens,
677 2233 734 2298 sed
758 2239 941 2313 succurret,
957 2231 1016 2298 sed
1032 2231 1192 2318 proderit,
1205 2231 1241 2295 in
1255 2251 1439 2296 commune

269 2343 440 2424 auxilium
473 2351 574 2411 natus
604 2367 643 2412 ae
667 2345 845 2432 publicum
869 2345 1009 2426 bonum,
1034 2367 1078 2411 ex
1103 2366 1171 2433 quo
1194 2343 1290 2410 dabit
1312 2344 1437 2429 cuique

269 2459 434 2546 partem.''
484 2458 674 2540 ,Omnibus
700 2459 813 2545 dignis
836 2459 986 2547 proderit
1008 2465 1042 2525 et
1065 2459 1208 2525 deorum
1232 2440 1436 2524 morecala·

270 2572 408 2638 mitosos
429 2573 597 2659 propitius
619 2574 806 2660 respiciet.''
831 2612 875 2623 -
897 2573 1031 2641 Similia
1053 2572 1133 2639 addi
1146 2577 1315 2659 possuntc
1329 2571 1437 2636 Marci

268 2685 400 2752 Aurelii
434 2686 706 2754 Commentariis.
751 2687 786 2753 Is
819 2688 913 2754 enim
947 2688 990 2769 V,
1027 2689 1068 2754 6:
1107 2689 1163 2762 ,Ὁ
1197 2690 1229 2749 δέ
1259 2711 1305 2758 τις
1326 2689 1437 2763 τρόπον

269 2799 334 2861 τινὰ
367 2798 430 2862 οὐδὲ
464 2795 547 2879 οἶδεν,
584 2804 600 2862 ὃ
632 2809 798 2875 πεποίηκεν·
835 2804 917 2864 ἀλλά
950 2803 1047 2881 ὅμοιός
1073 2802 1153 2864 ἔστιν
1174 2803 1303 2880 ἀμπέλῳ
1324 2798 1436 2876 βόε-ρον

269 2911 439 3003 ἓνεγιοοὺση,
464 2916 512 2978 ιοαὶ
534 2913 627 2993 μηδῖν
650 2917 726 2976 ἀλλο
749 2919 1015 3004 ποοσεπιζητοάνη,
1039 2917 1120 2994 μετὰ
1142 2915 1178 2977 τὲ
1201 2918 1285 2998 ἅπαξ
1301 2913 1353 2976 τὲν
1364 2916 1436 2975 ἴδιον

269 3026 382 3105 καρπὸν
417 3026 588 3111 ἐνηνοχέναι,
620 3031 658 3100 ὡς
679 3031 771 3100 ’ίππος
793 3032 922 3109 δραμών,
944 3033 1018 3094 κύων
1041 3033 1186 3113 ἰχνεάσας,
1210 3031 1343 3108 μέλισσα
1366 3029 1436 3105 μέλι

268 3146 429 3214 ποιήσασα.
455 3140 643 3219 ’Ἄνθρωπος
665 3131 725 3204 ὃέὖ
747 3148 881 3222 ποιήσας,
905 3144 956 3207 οὒκ
979 3141 1146 3222 ἑπίβοᾱται,
1168 3142 1250 3203 ἀλλὰ
1261 3139 1436 3220 μεταβαίνει

269 3251 310 3336 ἐφ’
335 3253 441 3335 ἕτερον,
461 3257 500 3326 ὡς
518 3257 655 3333 ἄμπελος
678 3254 725 3317 ἐπὶ
747 3255 782 3318 τὸ
799 3261 889 3318 πάλιν
913 3257 941 3318 ἓν
964 3268 1001 3344 τῇ
1024 3258 1083 3338 ὥρᾳ
1098 3256 1150 3317 τὲν
1171 3254 1283 3333 βότρυν
1295 3254 1432 3333 ἐνεγκεῖν.

268 3403 311 3416 -
334 3366 412 3448 VII,
437 3367 500 3433 73:
527 3367 652 3443 „“Orav
674 3369 712 3430 ob
735 3359 765 3431 εὖ
787 3369 952 3443 πεποοηκὼς
974 3357 1017 3455 ᾖς,
1041 3373 1089 3433 καὶ
1112 3372 1205 3441 ἄλλος
1220 3359 1250 3431 εὖ
1264 3370 1434 3447 πεπονθώς,

267 3486 297 3541 τί
330 3479 474 3561 ἐπιζητεῖς
508 3488 606 3559 τρίτον
636 3483 718 3560 παρὰ
740 3492 846 3562 ταῦτα,
872 3484 972 3560 ὥσπερ
995 3491 1019 3544 οἱ
1041 3490 1141 3561 μωροί,
1165 3483 1200 3544 τὲ
1228 3484 1276 3546 καὶ
1299 3483 1381 3564 δόξαι
1403 3472 1434 3542 εὖ

266 3595 460 3675 πεπονηκέναι,
485 3596 501 3668 ²),
525 3594 560 3656 τὸ
583 3593 712 3673 ἀμοιβῆς
735 3609 834 3680 τυχεῖν
847 3619 854 3677 ;
879 3635 923 3645 -
945 3597 1008 3677 IX,
1033 3597 1075 3661 42
1100 3596 1149 3681 (in
1173 3596 1275 3681 fine):
1303 3599 1357 3665 ,Ti
1372 3596 1434 3674 γὰρ

266 3709 357 3769 πλέον
380 3709 480 3780 θέλεις
502 3698 532 3770 εὖ
554 3714 678 3782 ποιηοας
701 3711 880 3787 ἄνθρωπον,
906 3710 956 3774 ota
979 3712 1061 3788 ἀρκεῖ
1082 3714 1188 3788 τούτῳ,
1205 3710 1435 3791 ὅτικατάφάνιν

266 3821 319 3893 τὴν
342 3827 397 3896 νην
419 3845 448 3883 τι
470 3821 610 3906 ἔπραξας,
638 3823 719 3884 ἀλλά
745 3826 849 3884 τούτου
871 3823 985 3902 μισθὸν
1009 3829 1127 3904 ζητεῖς,
1153 3825 1191 3895 ὡς
1213 3828 1238 3884 εἶ
1247 3826 1261 3885 ὁ
1274 3821 1435 3906 ἀφθαλμὲς

265 3932 393 4011 ἀμοιβὴν
427 3936 542 4024 ἀπῄτει,
579 3937 623 3998 ἔτι
656 3934 775 4016 βλέπει,
809 3938 872 4010 ἢοὶ
894 3939 993 4018 πόδες,
1018 3938 1062 4000 ἔτι
1084 3935 1266 4018 βαδίζουσιν.
1295 3936 1435 4012 ’Ὠσπερ

263 4047 326 4126 γὰρ
348 4051 445 4109 ταῦτα
468 4049 542 4126 πρὸς
565 4052 633 4112 τόδε
657 4074 686 4111 τι
707 4051 842 4130 γέγονεν,
865 4053 942 4128 ἅπερ
965 4052 1045 4115 κατὰ
1069 4053 1123 4123 τλν
1147 4050 1434 4136 ἰδίανζῗιοατασιοενλν

263 4159 436 4240 ἐνεργοῦντα
480 4163 586 4248 ἀπέχει
619 4163 654 4225 τὸ
687 4165 767 4243 ἴδιον,
806 4164 897 4238 ebruc
930 4167 978 4229 καὶ
1012 4169 1025 4230 ὁ
1060 4166 1218 4244 ἄνθρωπος
1252 4163 1434 4246 εὐεργετικὸς
