3274 4998
721 482 783 548 131

164 661 267 728 etiam
301 661 403 746 leges,
427 661 668 726 frumentarias
701 666 792 727 ortas
830 661 932 726 csse.''
979 660 1080 740 Quod
1103 659 1253 747 explicat
1273 681 1335 728 our

164 774 240 840 illae
275 774 474 860 largitiones
508 795 616 861 usque
651 775 695 839 ad
729 773 816 838 illud
850 779 986 861 tempus
1019 775 1228 856 fluctuarint,
1253 796 1333 841 oum

164 889 258 956 venit
280 909 334 954 res
358 887 496 974 publiea
518 888 555 952 in
580 888 682 952 unius
701 893 913 974 potestatem.

205 1003 247 1067 In
273 1007 435 1089 quattuor
457 1001 540 1067 locis
561 1001 846 1068 commorandum
869 1001 941 1066 erit.
966 1001 1122 1066 Primum
1148 1001 1334 1068 frumenta-

162 1116 297 1182 tionum
321 1115 477 1181 ordinem
500 1136 539 1180 ac
563 1115 743 1181 varietates
765 1114 914 1181 breviter
933 1135 1182 1200 percurramus,
1229 1115 1333 1182 Dein-

163 1229 202 1295 dc
238 1228 489 1315 inquirendum
524 1234 574 1294 ost
609 1227 817 1315 quibusnam
852 1228 895 1292 ad
930 1229 1081 1293 fructum
1105 1228 1338 1294 redundarent

162 1348 195 1409 et
227 1363 386 1408 annonae
421 1363 504 1407 cura
533 1347 567 1408 et
590 1341 884 1407 frumentationes.
933 1342 1021 1407 Tum
1048 1326 1158 1428 pauca
1181 1341 1334 1408 dicturus

140 1450 237 1522 sum
272 1455 315 1522 de
350 1454 452 1522 modo
477 1438 556 1542 'quo
591 1455 806 1520 frumentum
843 1454 1022 1540 publicum
1054 1454 1333 1522 distribuebatur.

161 1569 337 1643 Postremo
361 1569 606 1656 expendamus
620 1568 771 1634 urbanae
785 1568 887 1654 plebi,
900 1567 1109 1655 pauperibus
1123 1571 1333 1656 praesertim,
1408 1621 1410 1627 .

162 1689 289 1770 quanta
314 1681 417 1748 fuerit
440 1681 569 1748 utilitas
592 1701 674 1750 cum
697 1703 740 1748 ex
764 1704 921 1748 annonae
945 1682 1334 1750 cura-tumefrumenti

61 1811 64 1817 '
163 1797 347 1863 menstruis
369 1795 617 1881 largitionibus

361 1982 390 2024 a.
429 1957 755 2024 Frumentationum
780 1957 862 2023 ordo
886 1979 925 2022 ac
949 1957 1145 2024 varietates.-

201 2121 237 2187 Ο.
262 2119 439 2186 Gracchus
461 2121 566 2205 igitur
589 2120 703 2206 legem
725 2119 805 2185 tulit
829 2120 1102 2201 frumentariam,
1129 2121 1334 2200 ,utseniset

157 2235 279 2300 triente
292 2235 506 2300 frumentum
518 2231 610 2320 plebi
624 2234 794 2300 daretur.'’
811 2233 836 2320 ¹)
862 2233 1014 2320 Largitio
1027 2239 1099 2299 erat
1110 2239 1295 2300 menstrua.
1305 2233 1333 2320 ⁹)
1395 2223 1399 2230 ’

156 2348 251 2428 Quae
279 2369 360 2414 cum
382 2348 554 2414 aerarium
577 2348 788 2428 exhauriret,
813 2347 861 2412 M.
876 2346 1040 2414 Octavius
1052 2346 1210 2412 tribunus
1224 2345 1334 2433 plebis

156 2461 304 2528 Gracchi
323 2461 436 2546 legem
459 2461 647 2546 abrogavit,
662 2461 688 2546 ⁸)
702 2482 764 2526 nec
778 2467 886 2526 totam
901 2467 1027 2541 tamon,
1041 2460 1100 2526 sed
1112 2459 1331 2545 largitionem

155 2581 292 2640 tantum
322 2575 458 2656 minuit,
482 2575 569 2640 sicut
591 2575 823 2660 intellegimus
846 2596 863 2640 e
888 2574 1070 2640 Cicerone:
1098 2574 1155 2654 ,0.
1181 2573 1330 2640 Gracchi

154 2688 378 2754 frumentaria
413 2709 540 2773 magna
567 2687 728 2773 largitio;
755 2685 980 2754 exhauriebat
1002 2687 1111 2772 igitur
1134 2687 1328 2769 aerarium;

155 2803 289 2868 modica
311 2802 358 2868 M.
383 2801 505 2868 Octavi
528 2808 561 2867 et
585 2802 633 2868 rei
657 2801 814 2888 publicae
840 2800 1024 2867 tolerabilis
1048 2807 1082 2866 et
1106 2800 1198 2888 plebi
1218 2821 1330 2867 neces·

154 2916 260 2997 saria;
296 2937 377 3000 ergo
405 2921 439 2981 et
462 2914 596 2982 civibus
619 2921 652 2980 et
676 2914 725 2980 rei
749 2913 908 3000 publicae
933 2898 1121 2980 salutaris.''
1147 2915 1174 3002 ⁴)
1221 2915 1330 3001 Leges

155 3029 339 3117 Apuleiam
373 3028 431 3116 (ex
464 3049 556 3094 anno
587 3027 652 3094 654
676 3050 706 3094 a.
728 3049 761 3094 u.
787 3049 815 3094 o.
840 3055 876 3088 :
903 3028 966 3093 100
990 3049 1020 3094 a.
1043 3028 1124 3094 Chr.
1148 3031 1196 3116 n.)
1220 3035 1254 3094 et
1276 3028 1332 3094 Li·

156 3143 248 3210 viam
283 3143 362 3228 (663
397 3163 427 3207 a.
464 3163 497 3208 u.
533 3162 562 3207 c.
592 3167 628 3202 :
657 3143 699 3230 91
723 3163 753 3206 a.
778 3141 859 3207 Chr.
883 3143 942 3226 n),
968 3147 1085 3227 utpote
1111 3163 1198 3228 quae
1222 3142 1266 3207 ad
1288 3143 1331 3207 ir·

155 3256 260 3322 ritum
282 3255 477 3336 ceciderint,
502 3253 749 3342 praetermitto.
777 3253 1086 3336 FrumentationeS,
1101 3275 1185 3341 quas
1197 3253 1292 3321 Sulla
1305 3256 1329 3340 ⁵)

188 3475 206 3537 ¹)
240 3476 292 3526 niv.
318 3477 370 3524 Por.
396 3476 444 3525 LX.
478 3478 554 3526 Antea
577 3477 714 3540 legebatur:
745 3476 859 3540 „semisse
876 3480 899 3526 et
915 3475 1026 3524 triento'’.
1061 3478 1131 3543 Quod
1148 3478 1262 3527 vitiosum
1279 3495 1329 3528 esse

154 3559 287 3608 Mommsen
305 3559 414 3624 exposuit
430 3560 508 3622 (Rom.
526 3559 592 3608 Trib.
612 3575 664 3624 pag.
685 3560 733 3611 179
752 3561 798 3608 adn
824 3562 850 3619 4)
868 3559 914 3623 legi
932 3559 1030 3608 iubens:
1058 3561 1137 3624 „senis
1153 3561 1327 3611 contuente&

155 3641 402 3692 Weissenb.·Miiller:
430 3643 509 3707 „senis
533 3648 555 3691 et
580 3642 694 3692 triente’'.
728 3642 868 3701 Radbertus,
886 3643 932 3692 Zur
949 3643 988 3692 Fr.
1007 3643 1029 3691 d.
1047 3643 1167 3692 Sachw.d
1190 3644 1275 3693 Geldos
1292 3645 1327 3693 im

155 3725 214 3782 tlt..
231 3725 249 3774 l.
266 3725 283 3774 1.
301 3741 353 3789 pag.
371 3725 427 3784 378,
445 3725 558 3775 traditam
576 3725 704 3774 lectionem
722 3726 835 3774 defendit.

188 3815 208 3877 ²)
241 3816 277 3864 De
293 3815 408 3865 frumenti
425 3832 522 3866 numero
539 3815 604 3865 nihil
621 3816 734 3865 traditum
752 3820 793 3866 est.
828 3816 934 3866 Fortasse
950 3816 978 3865 ab
996 3816 1066 3865 initio
1074 3817 1142 3880 quini
1152 3818 1225 3867 modii
1235 3817 1326 3868 viritim

155 3899 277 3948 dabantur.
311 3898 406 3948 Dahae
422 3915 447 3947 re
464 3900 494 3948 cs.
511 3899 574 3948 infra
591 3899 635 3948 sub
653 3899 676 3948 d.

187 3989 208 4051 ⁸)
241 3990 292 4038 Cio.
310 3989 378 4038 Brut.
397 3990 437 4047 62,
455 3990 512 4040 222.

188 4082 208 4142 ⁴)
242 4081 293 4130 cis.
312 4081 347 4129 De
364 4080 410 4130 Off.
428 4081 462 4140 11,
480 4080 521 4138 21,
539 4080 579 4132 72.
616 4081 649 4129 De
666 4080 710 4128 hoc
728 4081 822 4130 Octavii
840 4080 939 4129 oonsilio
956 4081 1018 4129 nihil
1036 4081 1325 4152 ampliusnotum,nsque

155 4179 231 4214 sunus
248 4179 324 4228 neque
341 4164 424 4212 modas
441 4179 483 4212 noe
500 4164 617 4228 quomodo
635 4179 690 4213 curn
701 4165 816 4228 proximis
825 4163 950 4213 cohaereat.
968 4164 1005 4214 Cl.
1016 4165 1085 4229 Marq
1103 4164 1119 4214 l.
1130 4165 1146 4214 l.
1156 4183 1208 4230 pag.
1219 4167 1266 4216 115
1276 4183 1323 4232 seq.

190 4255 209 4317 Β)
243 4254 304 4304 Vide
329 4255 464 4305 Mommsen
481 4256 551 4306 Rom.
568 4253 635 4306 Trib.
652 4269 705 4322 pag.
724 4255 788 4313 181;
805 4253 882 4321 Marq.
901 4255 948 4304 l.l.
964 4271 1016 4323 pag.
1035 4257 1091 4318 116,
1109 4256 1150 4306 abi
1167 4257 1215 4309 duo
1232 4258 1278 4308 loci
1295 4275 1323 4311 ox
1355 4319 1357 4324 ,
