3274 4998
726 517 789 586 171

172 701 288 784 potest.
319 695 493 763 ¹Primum
527 695 621 762 enim
653 696 781 762 mirum
815 697 844 764 si
876 681 1055 785 scriptores
1089 695 1163 768 tam
1194 707 1346 786 graveni'

171 809 474 876 commutationem
515 830 652 896 prorsus
689 809 823 876 silentio
863 813 1112 898 praeterissent.
1169 814 1270 895 Tum,
1312 814 1341 880 si

171 923 358 1008 cogitemus
391 923 654 989 frumentarium
691 923 882 990 subsidium
913 927 1137 1012 quantumvis
1162 928 1281 1012 magni
1293 928 1341 994 fa·

170 1036 246 1118 cias,
270 1043 388 1102 tamen
411 1037 473 1102 toti
496 1035 645 1102 familiae
669 1036 714 1102 ad
737 1037 868 1104 victum
891 1037 1093 1126 cultumque
1115 1061 1338 1128 nequaquam

171 1149 340 1216 suffecisse
360 1149 451 1235 (vide
463 1149 575 1237 infra),
590 1149 683 1215 haud
697 1150 769 1217 veri
780 1150 890 1218 simile
903 1151 1040 1219 videtur
1051 1175 1113 1240 pro
1126 1175 1165 1221 eo
1178 1155 1340 1241 pretium,

171 1263 273 1346 semel
297 1262 481 1344 sublatum,
495 1263 608 1330 denuo
620 1263 816 1330 institutum
828 1286 908 1346 esse,
923 1267 1123 1353 praesertim
1136 1289 1216 1334 cum
1229 1268 1339 1353 magis

170 1377 348 1464 magisque
370 1377 593 1464 imperatores
613 1398 733 1442 auram
757 1377 959 1465 popularem
975 1386 1153 1467 captarent
1167 1380 1339 1468 variisque

169 1489 408 1576 largitionibus
426 1489 511 1558 bene
527 1491 596 1557 emi
608 1491 792 1578 imperium
805 1499 975 1578 putarent.
1000 1493 1124 1561 Gravis
1138 1494 1243 1561 etiam
1255 1495 1340 1562 haec

170 1605 432 1689 argumentatio,
464 1625 567 1692 quam
592 1604 660 1690 legi
683 1605 776 1692 apud
800 1606 1010 1674 Hirschfeld.
1036 1605 1062 1694 1)
1095 1607 1253 1675 Testibus
1277 1609 1340 1676 Ta·

170 1718 235 1784 cito
258 1724 292 1785 et
315 1716 478 1784 Suetonio
501 1716 528 1804 ²)
552 1718 642 1784 Nero
666 1719 890 1805 praetorianis
910 1720 1110 1788 cohortibus
1125 1723 1340 1788 frumentum

171 1837 386 1899 menstruum
409 1831 599 1916 gratuitum
622 1832 807 1898 constituit.
838 1833 1025 1921 Septimius
1036 1835 1183 1903 Severus
1194 1836 1236 1902 iis
1247 1836 1340 1902 idem

170 1945 384 2032 congiarium
420 1945 514 2011 dedit
547 1952 650 2032 atque
686 1945 780 2032 plebi
810 1947 1067 2016 frumentariae.
1091 1947 1118 2036 ⁸)
1164 1950 1256 2036 Ergo
1280 1951 1341 2018 vix

170 2057 315 2126 dubium
339 2080 409 2126 esse
433 2065 551 2146 potest,
577 2059 662 2145 quin
685 2057 775 2125 Nero
799 2061 1030 2147 praetorianos
1041 2062 1078 2128 in
1096 2059 1174 2135 albo
1189 2063 1340 2129 frumen·

171 2179 244 2238 tum
279 2194 409 2254 eorum,
446 2173 506 2260 qui
529 2173 743 2238 frumentum
765 2174 991 2260 accipiebant,
1015 2176 1216 2263 ascripserit.
1263 2177 1340 2256 Quo

170 2287 315 2354 efficitur
341 2287 394 2353 his
418 2308 555 2375 quoque
579 2287 650 2352 sine
674 2287 782 2374 pretio
803 2295 1017 2354 menstruam
1028 2288 1248 2375 largitionem
1259 2291 1340 2357 fuis·

171 2422 204 2467 se
228 2400 457 2467 distributam.

213 2515 265 2580 De
289 2515 454 2581 frumenti
475 2536 619 2582 numero
642 2537 681 2582 ac
704 2516 813 2603 pretio
836 2516 920 2582 haec
941 2516 1048 2582 habui
1071 2538 1158 2604 quae
1181 2517 1340 2585 dicerem.

170 2628 245 2694 lam
282 2628 462 2695 redeamus
484 2629 528 2694 ad
550 2651 707 2696 annonae
731 2651 832 2696 curae
855 2637 889 2696 et
912 2629 1222 2698 frumentationum
1247 2631 1339 2698 utili-

172 2749 285 2824 tatem,
304 2763 391 2830 quae
409 2763 489 2808 cum
501 2742 543 2808 ad
558 2743 754 2810 universam
767 2742 936 2809 urbanam
950 2743 1087 2830 plebem
1098 2750 1175 2811 turn
1187 2745 1339 2812 maxime

171 2855 212 2922 ad
236 2877 404 2943 pauperes
427 2856 669 2924 redundavisse
695 2857 847 2944 putanda
859 2864 918 2924 est.
942 2858 1042 2923 Dicat
1054 2857 1179 2946 aliquis
1191 2859 1287 2940 forte,
1304 2864 1341 2924 ut

170 2969 207 3034 in
229 2969 554 3036 frumentationibus
577 2969 704 3056 singuli
727 2970 921 3057 acciperent
940 2971 1005 3038 viri
1034 3009 1078 3020 —
1091 2991 1171 3038 nam
1186 2972 1340 3060 quinque

171 3083 302 3150 modios
325 3083 429 3148 unius
452 3083 495 3150 ad
520 3084 651 3151 victum
674 3085 906 3171 suppeditasse
927 3085 1029 3151 modo
1042 3085 1172 3150 dixi—
1185 3086 1366 3172 nondum„

171 3205 389 3285 prospectum
416 3198 518 3264 fuisse
542 3197 744 3264 mulieribus
766 3197 881 3264 liberis
904 3182 1019 3265 servis.
1067 3197 1156 3264 Sunt
1181 3199 1255 3281 ista,
1280 3199 1340 3266 sed

170 3311 256 3377 illud
301 3312 416 3398 ipsum
448 3311 640 3378 subsidium
673 3333 759 3377 num
790 3318 863 3380 erat
885 3311 1129 3399 spernendum,
1154 3312 1339 3399 quoquod

170 3425 313 3511 singulis
348 3425 502 3513 patribus
536 3424 686 3492 familiae
721 3426 801 3492 satis
833 3426 870 3491 in
904 3447 1007 3492 usum
1030 3432 1103 3492 erat
1125 3425 1337 3493 frumentum

170 3539 305 3626 publice
351 3539 468 3625 gratiis
513 3539 798 3606 ministrabatur?
853 3540 966 3606 Immo
1010 3539 1203 3606 maximum
1238 3539 1340 3606 fuisse

170 3735 218 3784 sive
243 3735 344 3784 sedecim
370 3734 463 3784 assibus
477 3734 581 3784 licuisse.
598 3734 645 3796 (Cf.
664 3751 735 3800 supra
752 3750 803 3799 pag.
823 3735 873 3794 57.)
907 3735 1005 3783 Senatus
1022 3733 1135 3799 qnoniam
1152 3733 1282 3782 minimum
1300 3733 1341 3782 HS

169 3822 248 3868 ternos
274 3819 324 3868 sive
343 3819 464 3868 duodenos
480 3835 541 3868 asses
559 3834 602 3882 pro
620 3818 723 3882 singulis
739 3818 814 3867 tritici
832 3817 919 3867 modiis
936 3817 1041 3867 solvebat
1057 3817 1120 3879 (vide
1137 3816 1272 3881 exemplum
1290 3816 1341 3867 oie.

170 3902 235 3952 Verr.
262 3902 308 3962 III,
326 3902 366 3962 70,
386 3901 451 3961 lca),
469 3901 489 3950 si
507 3901 570 3950 senis
592 3901 685 3950 assibus
702 3906 725 3950 et
741 3901 868 3950 trientibus
885 3900 1007 3960 vendebat
1025 3899 1073 3948 iam
1090 3899 1186 3949 dimidii
1203 3900 1251 3948 iere
1269 3899 1341 3950 huius

170 3985 239 4049 pretii
257 3985 371 4034 iacturam
388 3983 487 4035 faciebat
503 3984 627 4034 aerarium.
1161 3971 1165 3977 ⁵

203 4069 221 4127 ¹)
257 4057 362 4118 Hirschf.
379 4067 396 4116 l.
415 4066 432 4116 l.
451 4083 503 4132 pag.
522 4067 561 4117 18.
579 4067 638 4116 Vide
655 4067 725 4116 etiam
741 4083 794 4133 pag.
813 4066 868 4115 151.

205 4150 224 4213 ί’)
259 4151 313 4200 Tac.
331 4152 396 4200 Ann.
414 4149 465 4208 XV,
483 4151 530 4210 723
549 4151 612 4200 Suet.
630 4149 692 4199 Nero
711 4149 750 4200 10.

201 4233 222 4296 ³)
256 4234 303 4284 Dio
321 4234 385 4286 Cass.
403 4233 510 4293 LXXVI,
529 4233 552 4294 1,
571 4233 593 4284 1.
