3296 5008
738 520 802 586 279

272 704 429 772 Mentiris
452 722 611 788 vanoque
636 699 699 766 tibi
725 697 892 765 blandiris
914 695 1055 761 honore.

316 819 395 884 Non
418 823 469 884 est
491 821 684 902 paupertas,
711 812 842 892 Nestor,
868 808 995 875 habere
1020 805 1141 874 nihils*
1168 804 1193 892 ι)

230 933 309 998 Tac.
333 929 423 997 Dial.
448 930 491 994 6:

276 1045 391 1132 ,ipsos
426 1043 510 1128 quin
540 1042 647 1106 immo
682 1038 781 1106 orbos
816 1043 850 1103 et
883 1033 1070 1122 locupletes
1103 1040 1137 1100 et
1159 1038 1314 1120 potentes

231 1159 346 1226 venire
381 1156 586 1244 plerumque
621 1154 664 1220 ad
706 1153 870 1219 iuvenem
904 1155 938 1215 et
972 1169 1170 1235 pauperem,
1195 1153 1238 1211 ut
1256 1152 1316 1212 aut

208 1294 291 1339 *sua
316 1275 376 1338 aut
399 1270 590 1337 amicorum
613 1267 812 1333 discrimina
834 1261 1109 1329 commendent.''

231 1386 284 1451 ld.
305 1385 398 1451 Aun.
421 1385 448 1465 Ι,
473 1383 537 1450 75;

278 1497 475 1585 „Propertio
510 1495 620 1562 Celeri
654 1491 824 1581 praetorii,
854 1490 992 1558 veniam
1014 1489 1143 1555 ordinis
1166 1487 1210 1554 ob
1233 1509 1316 1575 pau·

192 1637 194 1641 ·
231 1619 399 1698 pertatem
421 1609 563 1705 petenti,
587 1608 724 1674 deciens
746 1605 941 1672 sestertium
964 1603 1108 1688 largitus
1131 1609 1181 1668 est
1205 1601 1316 1687 (Tibe-

233 1726 348 1811 rius).''
372 1723 400 1812 ²)

233 1839 392 1926 Denique
415 1837 584 1924 Porphyr.
609 1836 651 1901 ad
678 1835 761 1914 Hor.
786 1834 849 1920 Ep.
873 1832 919 1911 II,
944 1833 975 1913 2,
1001 1833 1086 1897 199:

210 1974 212 1978 ·
281 1953 489 2039 „Paupertas
523 1951 627 2016 etiam
661 1948 823 2014 honestae
859 1945 1087 2034 parsimoniae
1117 1964 1244 2010 nomen
1267 1949 1317 2009 est

235 2072 268 2132 et
291 2070 477 2151 usurpatur
499 2065 534 2128 in
558 2065 696 2129 fortuna
719 2059 915 2127 mediocri.”

235 2245 436 2310 Notandum
470 2249 520 2309 est
557 2240 731 2320 vocabula,
768 2261 856 2327 quae
880 2243 960 2304 sunt
977 2259 1102 2324 pauper
1122 2242 1156 2302 et
1174 2243 1359 2324 paupertas,

191 2358 285 2424 haud
309 2379 385 2424 raro
405 2357 573 2444 usurpari,
598 2355 658 2420 ubi
678 2356 791 2440 agitur
814 2354 855 2420 de
880 2352 1024 2451 pristino
1049 2358 1201 2437 tempore
1218 2357 1252 2416 et
1268 2350 1362 2417 avita

193 2471 343 2558 probitas
377 2471 645 2558 simplicitasque
680 2465 964 2554 intemperantiae
1002 2472 1216 2552 posterorum
1259 2485 1362 2551 oppo-

193 2592 334 2651 nuntur.
359 2584 385 2671 ³)

21 2681 26 2690 ³
127 2698 133 2708 '
238 2699 343 2786 Apud
366 2699 450 2764 iuris
472 2697 644 2764 consultos
662 2718 785 2782 pauper
806 2695 886 2760 inde
910 2715 930 2758 a
952 2693 1051 2758 tertio
1063 2714 1096 2779 p.
1110 2691 1190 2758 Chr.
1204 2712 1362 2758 msaecu·

194 2813 226 2879 lo
261 2812 547 2897 significationem
581 2809 730 2876 habebat
757 2808 847 2874 haud
875 2806 1035 2890 ambigue
1059 2806 1363 2892 circumscriptam.

194 2928 367 3014 Pauperes
412 2927 507 2992 enim
544 2933 627 2991 tunc
661 2923 825 3010 temporis
855 2927 953 2988 eraut
987 2941 1115 3000 omneS,
1154 2921 1214 3005 qui
1249 2920 1364 2986 minus

195 3063 302 3127 quam
326 3040 580 3127 quinquaginta
604 3049 730 3105 aureos
747 3034 976 3123 possidebant.
1000 3034 1026 3120 ⁴)

230 3247 250 3306 ¹)
284 3244 321 3294 cf.
339 3259 392 3308 pag.
406 3244 446 3296 75.
464 3243 545 3292 Simili
563 3243 632 3291 modo
650 3242 819 3307 Aristophanes
837 3243 863 3290 iu
879 3242 951 3290 Pluto
967 3232 1071 3300 πηνίαν
1091 3258 1105 3290 a
1125 3233 1260 3310 πτωχείᾳ
1272 3243 1364 3307 elegan-

195 3329 230 3377 ter
258 3328 391 3391 distinguit,
420 3344 496 3390 eqao
515 3327 653 3391 praesertim
670 3325 806 3374 conterendi
826 3329 882 3374 sunt
898 3342 934 3375 vs.
952 3327 1000 3376 522
1018 3343 1090 3390 seqq„
1107 3343 1166 3390 quos
1183 3327 1295 3391 descripsi
1312 3343 1365 3391 pag.

197 3411 244 3460 143
262 3411 318 3460 adu.
338 3410 362 3460 2.

228 3493 248 3554 ²)
282 3494 345 3542 Addi
371 3493 609 3558 possuntpermulti
637 3493 730 3541 similes
755 3493 801 3540 loci
827 3492 923 3549 TaciteI,
946 3502 972 3542 ut
989 3495 1053 3543 Anu.
1071 3493 1105 3550 ΙΙ,
1124 3494 1171 3552 37;
1191 3494 1239 3552 38;
1257 3494 1306 3552 48;
1323 3494 1364 3552 IV,

196 3578 243 3634 44;
263 3577 303 3633 XI,
322 3577 370 3634 23;
389 3576 443 3634 IIII,
463 3577 510 3634 52;
528 3577 598 3634 XIII,
618 3576 665 3634 34;
685 3576 749 3625 Hist.
767 3576 787 3634 I,
806 3576 855 3633 20;
872 3576 920 3633 48;
946 3577 986 3635 IV,
1005 3578 1035 3634 9;
1054 3577 1103 3634 473
1121 3582 1164 3626 etc.

227 3659 247 3720 3)
281 3659 340 3708 Vide
365 3675 417 3723 pag.
436 3659 466 3712 27
485 3664 508 3708 ct
525 3659 588 3708 locos
606 3659 694 3708 ibidem
710 3660 735 3707 iu
753 3659 807 3708 adn.
825 3662 841 3706 4
858 3658 950 3708 allatos.
985 3659 1080 3722 Quibus
1097 3661 1168 3709 addas
1185 3661 1235 3710 Cic.
1256 3661 1288 3710 De
1308 3661 1363 3724 Lag.

195 3758 243 3806 agr.
261 3743 293 3802 Il,
312 3745 352 3800 24,
371 3744 418 3791 64:
438 3745 523 3808 „Tum
541 3759 595 3791 cum
614 3743 709 3792 haberet
726 3743 781 3791 haec
798 3759 835 3790 res
854 3743 948 3807 publica
965 3744 1086 3800 Luscinos,
1106 3744 1235 3802 Calatinos,
1244 3745 1365 3803 Acidinos,

194 3826 303 3874 homiues
320 3843 367 3875 uon
386 3826 464 3875 solnm
482 3826 610 3875 honoribus
628 3827 710 3892 populi
727 3826 843 3890 rebusque
860 3827 939 3889 gestis,
957 3827 1129 3876 verumetiam
1146 3828 1250 3892 patienta
1266 3843 1365 3892 pauper·

195 3909 250 3958 tatis
277 3909 396 3958 ornatos.”
422 3937 454 3946 —
480 3910 533 3957 Ius.
560 3910 601 3966 VI,
621 3910 668 3958 294
687 3927 726 3974 aeq
746 3931 750 3958 :
771 3909 889 3974 „Nullum
907 3910 996 3958 eritrea
1013 3909 1077 3958 abest
1094 3910 1231 3974 facinusque
1247 3910 1366 3968 libidinis,

195 4007 222 4040 ex
242 4007 289 4055 quo
306 3993 433 4056 Paupertas
451 3993 557 4041 &mans
574 3992 660 4055 perit.''
678 4020 709 4063 ᾗ
727 3992 770 4063 Sil.
790 3993 845 4042 Ital.
863 3993 883 4050 l,
902 3994 950 4042 609
968 4009 1034 4056 aeq.:
1055 3992 1365 4058 „Conciliumuocatanga

195 4077 259 4123 stum
276 4084 384 4138 castaque
399 4076 476 4125 beatos
494 4074 635 4139 Paupertate
651 4075 753 4140 patres.”
771 4104 802 4112 —
822 4076 861 4124 Sic
877 4076 1009 4126 sescenties.

229 4157 248 4219 ⁴)
283 4158 339 4222 Dig.
366 4158 521 4216 XXXXVIII,
548 4159 571 4216 2,
591 4159 637 4208 10:
663 4158 798 4224 ,Nonnulli
814 4163 910 4226 propter
926 4163 1093 4225 paupertatem,
1112 4163 1138 4209 ut
1152 4164 1211 4210 aaut
1227 4161 1269 4226 qni
1286 4161 1367 4211 minua

195 4257 267 4307 quam
285 4242 461 4306 quinquaginta
478 4257 559 4291 aureos
576 4241 688 4292 babent.''
705 4243 740 4290 Da
757 4242 801 4292 hac
818 4259 842 4293 re
859 4244 1086 4308 videDuruy,Hiat.
1096 4244 1119 4295 d.
1129 4231 1300 4314 Romllpag.
1310 4246 1370 4298 644.
