3274 4998
732 486 797 554 15⁷

182 667 315 742 natura,
338 662 375 729 ni
398 662 507 746 fallor,
524 664 734 731 eontrarium
746 664 882 732 docent.
908 664 1032 732 Tribus
1045 686 1171 732 nomen
1184 665 1297 733 neseio
1310 688 1355 734 an

183 776 338 843 ostendat
356 782 495 864 propter
518 777 702 860 civitatem,
727 800 797 844 non
820 784 958 866 propter
986 784 1182 864 egestatem,
1209 801 1359 847 commo·

183 889 227 956 da
251 889 353 956 fuisse
377 889 468 956 data.
514 890 708 958 Rodbertus
732 891 872 978 quidem
898 892 987 958 inter
1010 892 1225 958 frumentum
1247 892 1357 980 publi-

182 1024 262 1069 oum
296 1009 330 1069 et
362 1009 474 1070 uetera
511 1005 713 1084 „commoda
745 1005 1017 1093 principalesque
1040 1004 1281 1073 liberalitates”
1306 1007 1355 1074 ita

182 1115 371 1203 distinguit,
407 1122 446 1183 ut
480 1117 574 1204 prius
603 1117 690 1184 illud
713 1125 850 1184 tantum
875 1119 988 1206 quoad
1011 1119 1048 1184 in
1072 1118 1280 1206 pauperibus
1304 1142 1354 1188 re·

181 1229 274 1296 oensi
307 1236 418 1297 essent
451 1231 493 1297 iis
527 1231 647 1298 datum
670 1232 772 1298 fuisse
796 1231 1006 1314 arbritratur,
1031 1231 1138 1299 altera
1161 1238 1289 1315 eontra,
1315 1239 1354 1300 ut

181 1363 261 1408 oum
284 1343 360 1430 ipsa
383 1342 475 1411 tribu
499 1344 692 1426 coniuncta,
717 1367 778 1431 per
801 1351 908 1412 totam
928 1345 1036 1412 vitam
1059 1346 1227 1428 tenuisse;
1254 1344 1279 1433 ¹)
1292 1347 1351 1413 sed

180 1455 257 1522 talis
290 1455 463 1524 distinctio
497 1457 633 1544 longius
668 1458 804 1526 videtur
838 1480 909 1525 esse
944 1459 1098 1545 repetita.
1144 1457 1248 1546 Apud
1271 1459 1350 1526 sori·

180 1575 293 1656 ptores
315 1569 404 1636 nihil
426 1570 576 1653 invenio,
605 1593 649 1638 ex
673 1593 741 1659 quo
765 1572 852 1638 effici
877 1572 981 1659 possit
1003 1593 1070 1653 eos,
1096 1571 1221 1660 quibus
1244 1572 1353 1640 tribus

180 1681 293 1768 legata
316 1682 372 1751 vel
395 1683 535 1750 vendita
557 1691 653 1766 esset,
676 1706 757 1752 oum
778 1685 917 1752 meliora
940 1685 1140 1752 condicione
1164 1692 1351 1768 uterentur,

181 1796 345 1863 frumenti
367 1797 421 1863 ius
443 1797 606 1866 amisisse.
631 1797 657 1885 ⁹)
680 1799 774 1878 Quin
799 1805 923 1865 tessera
946 1799 1171 1866 frumentaria
1189 1817 1352 1888 -quam

179 1909 306 1976 talibus
327 1909 411 1977 loeis
434 1911 580 1997 positam
603 1933 673 1978 esse
697 1918 780 1999 puto
803 1934 865 1999 pro
887 1913 958 1979 iure
978 1914 1017 1978 ia
1040 1919 1163 1980 merua
1185 1914 1256 1981 sive
1284 1915 1355 1980 iure

179 2025 217 2089 ia
243 2024 448 2110 frumentum
472 2025 640 2112 publicum
670 2024 696 2113 ³)
720 2063 764 2075 -
786 2026 896 2092 cuivis
930 2025 1037 2111 legari
1073 2025 1129 2092 vol
1153 2026 1269 2093 venire
1297 2045 1359 2113 pos

181 2136 282 2203 tuisse
317 2137 464 2212 videtur,
503 2138 691 2205 dummodo
725 2138 809 2204 civis
843 2144 904 2204 aut
936 2145 1022 2230 esset
1049 2145 1109 2204 aut
1131 2160 1213 2205 eum
1240 2139 1354 2207 civem

181 2249 254 2316 fieri
288 2251 339 2316 fas
365 2256 461 2332 esset,
485 2251 638 2338 exeeptis
661 2251 740 2318 solis
771 2251 965 2318 clarissimis
989 2251 1081 2319 viris.
1105 2251 1132 2339 ⁴)
1177 2251 1353 2319 Nimirum

181 2363 273 2430 credi
307 2369 418 2451 potest
448 2363 582 2446 liberto,
614 2364 712 2431 ouius
745 2365 783 2431 in
817 2364 973 2432 testanda
1011 2364 1200 2432 tribuatus
1220 2383 1353 2432 memor

181 2477 301 2559 fuerat,
327 2469 469 2544 minime
490 2477 666 2564 ingratum
690 2479 773 2566 quid
797 2478 968 2564 accidisse,
993 2478 1121 2566 quippe
1134 2479 1353 2546 ouiustenui·

181 2596 232 2655 tas
255 2589 348 2656 haud
372 2591 606 2678 spernendum
627 2591 665 2657 in
688 2591 829 2657 modum
854 2597 1110 2658 sustentaretur.
1144 2590 1224 2658 Non
1236 2577 1353 2659 temen

181 2703 336 2791 sequitur
369 2710 408 2770 ut
441 2711 502 2772 aut
536 2703 644 2771 tribus
678 2712 788 2772 essent
822 2705 998 2792 egentium
1032 2726 1174 2792 corpora
1208 2735 1253 2756 -ι
1275 2725 1353 2773 erus

183 2875 227 2938 „ln
246 2875 300 2924 dem
317 2875 431 2925 Gediohte
439 2876 479 2925 dee
487 2875 641 2926 ohriotliohen
649 2877 737 2926 Poeten
745 2877 889 2926 Prudentius
899 2913 1005 2927 .......
1014 2877 1265 2942 erseheintdiegrusse
1273 2878 1353 2927 Mehr·

181 2959 231 3007 heit
247 2959 288 3008 der
307 2958 440 3008 rimisohen
458 2958 622 3023 Bevdlkernng
639 2959 742 3008 offenber
759 2959 795 3009 als
815 2960 855 3008 ein
873 2959 1071 3024 unbesohiitigtes
1090 2961 1132 3009 auf
1147 2959 1352 3010 tidentlioheKos·

181 3045 221 3090 ten
246 3041 378 3091 erhnltenes
396 3042 650 3107 Mnasenproletariet3'
668 3043 773 3108 Respicit
789 3044 820 3092 ed
838 3044 951 3092 Prudent.
969 3043 990 3101 1,
1008 3044 1056 3092 584
1074 3060 1154 3108 seqq.;
1172 3043 1205 3104 Π,
1222 3045 1270 3094 948
1288 3061 1352 3110 seqq.

218 3128 235 3185 Ι)
268 3125 316 3174 Zur
331 3125 370 3174 l‘r.
388 3125 411 3174 d.
429 3125 518 3174 Soohw.
536 3126 559 3174 d.
577 3125 662 3176 Golden
679 3125 713 3176 im
730 3125 789 3185 Ali,
806 3126 824 3175 1.
842 3126 859 3176 1.
876 3128 931 3176 adn.
948 3127 978 3175 21
997 3131 1059 3191 (pag.
1078 3127 1126 3176 898
1144 3129 1217 3192 seqq.)

215 3207 235 3269 ἵ)
269 3207 321 3256 Heu
345 3208 442 3272 quidem
469 3208 495 3256 in
521 3224 546 3256 re
565 3225 579 3258 e
596 3208 712 3258 liudberto
728 3209 840 3259 dissentit
856 3209 991 3258 Pdhlmunn
1008 3208 1035 3272 (l.
1053 3208 1071 3258 l.
1089 3225 1141 3274 pag.
1159 3209 1217 3270 49)ε
1236 3207 1352 3275 „unuiu-

181 3289 277 3340 liahend
302 3290 385 3339 wirkte
409 3291 450 3339 dns
476 3291 568 3355 System
594 3291 668 3340 dureh
694 3292 732 3340 die
758 3291 937 3356 Plenlosigkeit,
963 3292 1008 3340 mit
1033 3292 1074 3340 der
1100 3308 1125 3340 es
1142 3292 1206 3342 seiae
1222 3291 1304 3341 Gebeu
1321 3319 1353 3330 -

181 3373 286 3423 otienbnr
311 3373 373 3422 ohne
397 3375 534 3438 geniigendo
561 3373 680 3431 Controle‚
706 3374 736 3422 ob
761 3375 802 3423 der
827 3375 971 3440 Empsenger
988 3374 1282 3440 selbstversorgungstshig
1299 3376 1355 3425 oder

182 3456 257 3517 nieht,
277 3456 307 3505 ob
324 3456 417 3521 wurdig
431 3457 481 3506 und
495 3456 615 3522 bediritig
631 3457 687 3506 oder
705 3457 773 3506 nioht
789 3485 821 3494 -
838 3458 896 3506 iiber
913 3458 951 3508 die
968 3458 1062 3508 Messon
1079 3461 1208 3508 eusstreute
1224 3459 1275 3508 und
1291 3461 1353 3517 dem,

182 3540 223 3590 der
247 3539 337 3590 einmnl
364 3540 404 3589 ein
428 3540 532 3589 Anreoht
556 3539 631 3590 dureh
648 3540 689 3589 dna
707 3541 767 3590 Loos
783 3557 921 3605 gewonnen,
938 3540 1044 3590 dmselbe
1060 3543 1104 3591 auf
1118 3541 1254 3592 Lebeuszeit
1270 3558 1353 3607 puren-

181 3623 244 3683 tirte,
269 3623 362 3672 moohte
387 3622 438 3672 siah
463 3623 528 3672 seina
553 3623 761 3673 wirthsohnstliohe
786 3624 847 3688 Lege
865 3624 979 3688 gestalten
996 3625 1041 3673 wie
1058 3625 1093 3674 sie
1108 3623 1196 3675 wollte
1230 3625 1283 3676 wis
1299 3626 1354 3676 weit

182 3721 238 3756 mun
263 3722 309 3756 von
332 3706 398 3756 einer
414 3709 588 3771 oonsequenteu
605 3706 838 3769 Individualisirung
854 3709 956 3758 entfemt
972 3723 1028 3766 war,
1046 3707 1107 3758 ohne
1125 3705 1213 3757 welohe
1229 3707 1289 3758 dooh
1306 3725 1353 3760 von

183 3790 248 3839 einer
272 3789 412 3838 wirkliohen
438 3788 602 3855 Bektmpiung
627 3791 669 3839 der
694 3790 797 3840 Armuth
823 3791 890 3840 nicht
914 3791 952 3840 die
969 3791 1032 3840 Reda
1049 3791 1099 3842 sain
1116 3791 1269 3849 keun.dus1ir
1286 3797 1353 3858 raugt

183 3872 243 3922 auch
267 3872 310 3921 der
334 3871 459 3931 Umstand,
487 3871 540 3921 dass
558 3872 597 3922 dio
613 3876 699 3922 tessere
716 3873 870 3922 frumentaria
888 3889 934 3922 von
951 3874 1028 3922 ihrem
1045 3873 1148 3922 Inheber
1165 3874 1224 3924 nuoh
1242 3873 1353 3925 Boliebeu

184 3955 298 4006 reitweise
322 3954 455 4018 abgetreten
481 3955 536 4004 oder
555 3955 664 4020 gtnzlieh
682 3960 813 4006 veriussert
829 3957 922 4006 werden
938 3956 1051 4006 konnte.’'
1085 3957 1163 4006 Immo
1182 3973 1236 4008 vero
1252 3973 1283 4008 ne
1300 3975 1353 4024 pro·

183 4039 287 4104 positum
304 4037 401 4104 qnidam
417 4037 490 4087 fuisse
507 4043 637 4100 magestas
655 4039 839 4104 impugnaretur,
857 4040 901 4088 hoo
917 4040 969 4104 ipso
985 4055 1067 4089 rursus
1084 4045 1187 4106 apparet.

216 4121 236 4183 ³)
269 4123 305 4171 Ite
322 4121 393 4170 etiem
410 4119 523 4170 Momms.
541 4121 609 4171 Rdm.
627 4121 692 4170 Trib.
709 4137 761 4187 pag.
781 4121 837 4171 198.

217 4206 236 4270 ⁴)
270 4205 325 4271 mg.
343 4204 442 4264 xxxii,
460 4203 491 4253 as
510 4219 547 4270 pr.
