3296 5008
744 458 808 525 239

183 640 259 701 erat
281 657 361 702 cum
383 635 621 705 Romanorum
643 643 677 704 et
699 637 839 723 ingenia
861 642 896 703 et
919 658 1031 704 mores
1042 637 1113 704 iam
1126 636 1254 704 fiebant
1266 637 1356 705 miti·

184 769 254 815 ora.
280 748 306 836 ¹)
352 750 479 818 Multos
502 751 638 818 tenebat
662 751 828 839 sapientia
851 751 973 830 Stoica,
998 772 1086 838 quae
1099 751 1242 819 docebat
1256 757 1354 818 natu-

183 884 261 928 ram
284 884 402 931 omnes
424 866 582 933 homines
604 873 638 932 et
660 871 822 951 cognatos
844 865 988 932 edidisse
1001 871 1035 931 et
1048 864 1224 932 sociabiles
1237 865 1353 932 fecisse

182 976 375 1065 iisdemque
399 1001 552 1048 amorem
575 981 736 1046 indidisse
761 986 932 1046 mutuum.
960 979 1011 1046 De
1037 979 1355 1066 beneficentiaquo·

183 1111 252 1177 que
275 1091 406 1158 Stoicae
430 1100 538 1160 sectae
562 1093 758 1181 philosophi
781 1093 891 1160 multa
903 1093 1075 1181 praeclare
1088 1092 1353 1180 praecipiebant.

182 1204 284 1271 Unus
317 1204 447 1273 Seneca
471 1228 585 1274 nonne
605 1213 737 1294 septem
759 1206 863 1273 libros
887 1207 1086 1294 conscripsit
1109 1206 1150 1273 de
1175 1207 1354 1274 Beneficiis

181 1322 217 1383 et
251 1317 337 1385 duos
372 1319 414 1386 de
450 1319 667 1387 Clementia?
697 1321 751 1387 Ex
776 1320 901 1408 quibus
924 1321 1009 1388 haec
1032 1319 1164 1406 colligo.
1188 1321 1353 1406 Legimus

180 1431 235 1497 De
270 1431 386 1500 Benef.
419 1434 447 1515 Ι,
483 1436 513 1515 6,
545 1434 750 1516 1:„Quid
777 1440 989 1519 astorgo
1018 1433 1356 1502 beneficium?

180 1542 427 1613 benevola
457 1548 587 1614 actio
618 1547 850 1614 tribuens
876 1547 1109 1633 gaudium
1135 1549 1355 1636 capiens·

181 1680 272 1745 que
319 1660 599 1744 tribuendo,
636 1663 684 1727 in
718 1661 764 1727 id
800 1661 925 1748 quod
960 1662 1086 1728 facit
1120 1683 1274 1749 prona
1309 1667 1353 1730 et

180 1780 358 1860 sponte
404 1797 488 1842 sua
522 1776 728 1862 parata.’'
763 1814 808 1824 —
843 1776 888 1856 ΙΙ,
923 1778 953 1857 1,
979 1777 1020 1841 1:
1047 1775 1143 1855 „Sic
1177 1775 1356 1860 demus,

181 1888 422 1975 quomodo
469 1888 710 1957 vellemus
754 1890 996 1977 accipere.
1045 1895 1158 1956 ante
1193 1890 1357 1956 omnia

180 2000 416 2084 libenter,
463 2002 574 2085 cite,
621 2003 729 2070 sine
771 2003 876 2070 ulla
922 2001 1275 2070 dubitatione.’'
1311 2041 1355 2054 -

179 2115 228 2196 ΙΙ,
264 2117 295 2196 9,
331 2115 372 2197 2;
410 2100 462 2198 10,
500 2117 539 2183 1:
579 2117 694 2198 „Quae
720 2166 727 2183 .
753 2168 760 2183 .
790 2165 797 2181 .
822 2165 830 2180 .
855 2165 863 2181 .
888 2167 896 2183 .
920 2123 1124 2183 succurrunt
1146 2116 1349 2199 infirmitati,

178 2229 331 2314 egestati,
366 2230 587 2315 ignominiae,
623 2231 723 2297 tacite
758 2230 872 2296 danda
902 2236 992 2312 sunt,
1017 2236 1056 2296 ut
1078 2235 1159 2296 nota
1182 2229 1250 2296 sint
1273 2229 1353 2297 solis

179 2342 307 2431 quibus
340 2334 493 2430 prosunt.
547 2344 804 2410 Interdum
838 2345 988 2410 etiam
1014 2344 1136 2439 ipse,
1173 2345 1256 2432 qui
1291 2345 1354 2411 iu·

179 2463 335 2538 vatur,
370 2456 632 2524 fallendus
667 2463 748 2540 ost,
784 2463 823 2524 ut
846 2457 971 2524 hebeat
994 2479 1057 2524 nec
1081 2479 1101 2524 a
1125 2478 1193 2545 quo
1216 2478 1354 2545 accepe-

177 2569 224 2635 rit
245 2570 359 2636 sciat.''
383 2609 428 2620 —
450 2571 495 2652 ΙΙ,
529 2572 582 2652 11,
606 2573 647 2638 6:
676 2571 791 2652 „Nihil
815 2592 923 2658 aeque
940 2571 976 2636 in
990 2569 1156 2668 beneficio
1168 2570 1352 2638 vitandum

178 2690 231 2751 est
265 2705 370 2770 quam
392 2683 584 2772 superbia.'’
608 2723 652 2735 -
677 2685 739 2766 IV,
764 2687 806 2750 3:
833 2684 1074 2766 „Beneficium
1099 2683 1140 2750 de
1165 2705 1234 2771 quo
1258 2705 1351 2751 nunc

43 2840 49 2848 -
177 2797 303 2883 agitur,
338 2798 418 2864 dare
453 2798 590 2865 virtutis
624 2804 674 2864 est
709 2803 743 2864 et
776 2797 1014 2885 turpissimum
1047 2796 1084 2863 id
1117 2818 1221 2864 causa
1249 2796 1352 2864 ullius

178 2911 319 2978 alterius
352 2913 402 2979 rei
436 2912 527 2994 dare,
564 2933 674 3000 quam
703 2917 742 2978 ut
765 2911 886 2978 datum
909 2911 953 2979 sit
977 2959 1185 2980 .......
1210 2917 1352 2979 nonest

162 3003 386 3092 *beneficium
425 3025 518 3112 quod
552 3025 595 3091 ad
631 3026 806 3092 fortunam
839 3031 978 3112 spectet.
1025 3025 1214 3104 Praeterea,
1250 3025 1278 3092 si
1306 3031 1352 3101 *ut

178 3139 416 3226 prodessemus
451 3139 523 3206 sola
557 3159 618 3204 nos
652 3138 815 3205 invitaret
848 3138 986 3221 utilitas,
1018 3138 1161 3205 minime
1185 3138 1352 3208 beneficia

177 3251 381 3320 distribuere
417 3252 591 3331 deberent,
629 3252 689 3340 qui
724 3251 886 3318 facillime
921 3258 1067 3338 possent,
1103 3251 1290 3339 locupletes
1317 3259 1352 3320 et

178 3371 335 3454 potentes
357 3372 391 3432 et
414 3388 510 3452 reges
534 3365 646 3433 aliena
668 3386 732 3453 ope
756 3386 826 3432 non
845 3364 1057 3451 indigentes.
1072 3364 1118 3430 di
1141 3387 1256 3433 vero
1280 3371 1352 3433 tot

178 3500 389 3562 munera,
422 3501 510 3567 quae
534 3480 640 3546 sine
674 3478 1056 3546 intermissione
1090 3477 1266 3546 diebus
1300 3501 1350 3546 ac

178 3592 412 3660 noctibus
446 3593 683 3675 fundunt·
712 3614 782 3660 non
817 3592 938 3660 darent
964 3641 1137 3660 ......
1160 3592 1257 3658 Istud
1279 3613 1350 3659 non

179 3706 395 3789 beneficium,
431 3707 489 3774 sed
524 3708 623 3773 fenus
659 3713 719 3789 est,
756 3707 1016 3794 circumspicere
1040 3727 1110 3772 non
1138 3705 1197 3772 ubi
1221 3705 1350 3792 optime

179 3843 296 3908 ponae,
331 3821 390 3887 sed
421 3820 482 3887 ubi
507 3821 803 3908 quaestuosissime
827 3820 964 3903 habeas,
988 3819 1080 3886 unde
1104 3818 1265 3886 facillime
1289 3818 1348 3885 tol·

178 3934 260 4002 las.’'
284 3972 328 3983 -
350 3934 412 4017 IV,
438 3935 490 4017 11,
515 3935 555 4002 3:
583 3935 712 4022 „Atqui
735 3941 774 4001 ut
794 3934 879 4002 scias
901 3955 976 4000 rem
992 3955 1054 4021 per
1071 3955 1105 4000 se
1118 3933 1347 4021 expetendam

215 4197 232 4259 ¹)
266 4197 303 4248 Cf.
321 4199 428 4248 Prooem.
445 4213 497 4264 pag.
518 4198 548 4248 18
567 4214 630 4262 seqq.
