3226 4998
554 1623 694 1722 arnna
717 1656 870 1723 Paroa.

190 1904 259 1960 QUO
287 1904 431 1951 DICITUR
459 1904 531 1950 CUM
555 1903 600 1948 DE
624 1903 733 1949 CIVILI
756 1902 982 1950 ROMANORUM
1005 1902 1268 1965 COMMUNITA'Pll',

146 2018 219 2063 TUM
259 2017 404 2063 MAXIME
437 2018 482 2062 DE
514 2017 597 2062 IPSIS
628 2016 845 2062 PAUPERIBUS
880 2017 1073 2074 EORUMQUE
1101 2017 1314 2064 OONDICIONE

352 2131 389 2176 IN
426 2131 518 2177 URBE
552 2130 652 2176 ROMA
686 2130 754 2176 PER
788 2130 902 2176 VARIA
936 2130 1125 2192 TEMPORAs

467 2243 593 2300 QUIBUS
616 2243 733 2289 srnrlr
755 2243 905 2289 ROMANA
928 2243 1002 2290 RES.

644 2451 763 2516 orror
785 2449 818 2520 Ι.

462 2678 510 2742 De
533 2677 767 2763 ontc‘quc'acimls
792 2675 988 2762 temporibus.

188 2878 363 2943 Romanae
399 2879 546 2944 civitatis
579 2879 678 2950 initia
712 2900 793 2944 cum
827 2877 945 2944 multis
974 2877 1173 2943 nominibus
1194 2877 1313 2944 crassis

145 2990 256 3055 adhue
280 2990 448 3055 occultata
471 2997 505 3056 et
527 2991 734 3056 circumfusa
757 2990 906 3057 tenebris
928 2990 1046 3072 latent,
1070 2991 1197 3056 tumde
1210 2990 1312 3057 modo

146 3124 212 3189 quo
248 3103 366 3188 priscis
399 3103 609 3188 temporibus
640 3105 712 3169 eius
735 3104 868 3170 incolae
892 3104 1046 3190 discripti
1069 3104 1197 3170 fuerint
1217 3104 1313 3171 varia

145 3222 223 3305 sunt
245 3217 399 3282 virorum
423 3216 602 3282 doctorum
626 3217 753 3283 iudicia
778 3238 865 3303 quae
890 3217 1006 3282 omnia
1027 3216 1209 3302 diligenter
1236 3238 1313 3282 exa-

146 3330 275 3396 minare
300 3352 369 3396 non
393 3337 443 3395 est
466 3330 533 3396 mei
558 3330 732 3416 propositi.

187 3443 292 3530 Apud
315 3444 493 3529 scriptores
516 3443 690 3509 Romanos
713 3444 778 3508 tria
801 3451 984 3509 occurrunt
1002 3443 1194 3510 incolarum
1205 3444 1313 3508 nomi-

145 3580 196 3638 na,
232 3557 376 3644 patricii,
400 3556 549 3638 clientes
574 3556 697 3643 plebei.
743 3557 822 3622 Non
846 3556 912 3621 nisi
935 3557 1039 3643 prirni
1063 3555 1089 3644 ¹)
1113 3578 1192 3624 vere
1216 3561 1314 3621 erant

144 3669 242 3751 cives,
278 3669 438 3735 omnibus
472 3670 619 3736 civitatis
652 3669 784 3735 iuribus
820 3670 974 3756 praediti.
1022 3668 1208 3736 Clientiurn
1231 3690 1313 3737 vero

151 3789 182 3847 et
220 3781 433 3868 plebeiorum
471 3782 669 3869 perdifficile
708 3790 759 3849 est
792 3784 836 3848 ad
871 3783 1056 3849 dicendum
1091 3803 1178 3869 quae
1214 3783 1317 3848 initio·

146 3895 246 3960 fuerit
269 3895 363 3976 ratio,
388 3915 474 3960 num
492 3896 582 3962 inter
604 3919 638 3962 se
662 3897 810 3963 connexi
832 3903 866 3962 et
888 3897 960 3982 apti
983 3902 1103 3978 essent,
1130 3896 1312 3983 quomodo

148 4029 338 4040 *-

179 4097 196 4157 ¹)
214 4097 304 4153 Soltau,
331 4097 432 4146 Altrtm.
459 4098 668 4148 Vollisversemrnl.
695 4117 746 4165 pag.
766 4101 797 4149 88
814 4104 837 4149 et
855 4099 911 4152 627.
929 4100 954 4149 id
972 4100 1120 4153 indubium
1139 4103 1213 4160 vocat,
1231 4101 1312 4148 contra

146 4196 213 4246 quem
230 4185 309 4228 tamen
328 4180 381 4228 vide
398 4182 509 4230 Momms.
528 4182 584 4230 sta.
602 4183 641 4233 111
659 4200 710 4248 pag.
729 4184 760 4231 69
778 4183 831 4231 adn.
851 4183 873 4230 1.
