3274 4998
815 430 879 499 176

260 604 320 676 vili
344 612 516 676 emeretur
536 608 608 675 iam
632 607 824 696 antiquitus
847 607 1016 676 cavebant
1043 607 1178 676 aediles.
1192 607 1219 697 ¹)
1250 608 1318 676 Sed
1329 609 1434 677 etiam

260 719 435 789 aedilicias
468 721 666 808 largitiones
700 722 845 790 oleariae
869 729 1192 790 commemorantur.
1238 723 1329 790 Nam
1342 744 1433 790 anno

260 856 291 902 a.
314 855 349 903 u.
373 857 401 903 c.
425 835 558 922 541(a.
582 836 661 903 (ihr.
687 858 721 903 n.
752 837 841 924 213),
869 857 949 903 cum
972 835 1090 902 aedilis
1106 835 1319 903 curuliserat
1334 858 1434 917 „cnm

260 948 308 1016 M.
341 948 499 1017 Cornelio
532 949 683 1035 Cethego
709 950 747 1016 P.
776 949 954 1017 Cornelius
978 949 1103 1036 Scipio,
1126 949 1183 1016 cui
1206 955 1282 1037 post
1304 949 1435 1016 Africa·

260 1083 306 1128 no
328 1062 394 1128 fuit
416 1063 639 1148 cognomeu'',
666 1063 799 1149 „congii
821 1063 887 1130 olei
909 1063 947 1128 in
972 1063 1064 1131 vicos
1091 1062 1243 1149 singulos
1255 1062 1325 1129 dati
1337 1063 1433 1150 qaia·

261 1175 430 1264 quoqeni.''
454 1174 481 1262 ²)
519 1175 628 1242 Iulius
663 1176 786 1243 Caesar
814 1181 977 1264 quattuor
1002 1157 1196 1263 triumphos
1218 1197 1332 1262 agene,
1357 1164 1436 1243 Gal·

260 1288 377 1370 licum,
401 1288 688 1371 Alexandrinum,
708 1290 904 1372 Ponticum,
928 1289 1141 1372 Africanum,
1169 1289 1315 1377 „populo
1340 1311 1435 1377 prae·

262 1407 314 1470 ter
347 1402 512 1470 frumenti
545 1402 651 1470 denos
682 1403 813 1470 modios
836 1425 875 1470 ac
902 1402 1045 1470 totidem
1069 1403 1135 1471 olei
1157 1403 1262 1470 libras
1284 1410 1437 1470 trecenos

263 1537 400 1604 quoque
435 1537 606 1598 nummos
642 1538 728 1604 quos
751 1516 922 1604 pollicitus
945 1516 1028 1584 olim
1051 1523 1143 1595 erat..
1158 1517 1287 1584 viritim
1311 1516 1436 1598 divisit,

263 1635 297 1696 et
323 1629 388 1696 hoc
413 1629 563 1718 amplius
583 1636 744 1698 centenos
766 1652 828 1718 pro
850 1631 978 1698 mora.''
1002 1628 1029 1717 ⁸)
1068 1629 1194 1697 Oleum
1217 1637 1250 1696 et
1273 1630 1437 1696 diurnum

211 1740 212 1743 ’
264 1750 298 1810 et
324 1743 513 1829 gratuitum
537 1743 664 1832 populo
687 1745 844 1811 Romano
869 1744 1013 1833 donavit
1035 1743 1221 1832 Septimius
1243 1743 1397 1826 Severus,
1410 1744 1438 1831 ⁴)

264 1855 307 1923 ab
342 1855 529 1942 Elagabalc
553 1857 779 1944 imminutum
801 1859 976 1944 integrum
998 1857 1145 1924 restituit
1167 1856 1313 1924 Severus
1335 1856 1438 1923 Alex-

264 1969 380 2052 ander,
403 1969 433 2056 ὅ)
453 1969 629 2056 largitioni
652 1971 757 2038 finem
779 1971 943 2058 imposuit
965 1971 1218 2038 Constantinus.
1242 1971 1268 2054 6)

307 2083 425 2152 Vini
458 2083 498 2149 L.
535 2083 701 2150 Lucullus
738 2105 838 2165 „cum
873 2084 974 2151 rediit
1006 2105 1049 2150 ex
1072 2083 1164 2165 Asia,
1189 2082 1284 2149 milia
1311 2083 1436 2150 cadum

264 2197 478 2284 congiarium
514 2197 630 2264 divisit
653 2197 803 2285 amplius
829 2198 1002 2265 centum.’'
1027 2195 1053 2284 7)
1101 2197 1165 2278 „Et
1188 2196 1311 2263 Caesar
1334 2196 1438 2262 dicta·

264 2316 318 2377 ter
341 2309 509 2398 triumphi
534 2310 587 2377 sui
611 2332 696 2379 cene
719 2311 746 2397 8)
764 2311 837 2379 vini
860 2311 997 2378 Falerni
1020 2310 1210 2396 amphoras
1234 2309 1313 2377 Ohii
1333 2309 1440 2377 cados

265 2490 379 2540 vitiorum
405 2491 515 2540 omnium
540 2491 658 2555 genitores
684 2493 711 2542 iu
736 2492 868 2557 gymnasiis
892 2489 1061 2557 publicaudc.’'
1096 2491 1175 2556 Quare
1200 2491 1263 2541 Nero
1289 2491 1439 2540 severitatem

264 2573 395 2623 Romanam
424 2573 528 2624 abiciens
553 2575 677 2640 maasia
703 2575 808 2625 dedicato
835 2574 930 2641 „oleum
954 2574 1073 2639 equitiae
1092 2574 1183 2624 senatui
1202 2575 1289 2624 Graeca
1306 2573 1437 2624 facilitate”

265 2657 402 2722 praebuisse
419 2657 514 2708 dicitur.
532 2658 596 2720 (Tae.
616 2659 681 2708 Anu.
697 2659 762 2718 XIV,
780 2659 822 2713 47)

299 2735 321 2800 Ῑ)
354 2740 392 2791 Ol.
417 2740 482 2792 Plin.
509 2741 539 2790 N.
567 2741 599 2789 H.
625 2741 676 2800 XV,
704 2741 725 2798 l,
745 2742 776 2790 2:
801 2740 889 2806 „Urbis
906 2741 1002 2807 quidem
1019 2757 1081 2790 anno
1097 2754 1140 2792 nv,
1158 2741 1236 2806 Appio
1252 2740 1354 2790 Claudio
1370 2741 1438 2790 Caeci

266 2827 350 2888 nepote
374 2823 401 2872 L.
422 2823 494 2872 Innio
519 2839 578 2873 coss.
604 2823 650 2873 alei
676 2823 750 2874 librae
775 2825 895 2874 duodenae
911 2823 1003 2874 assibm
1020 2824 1122 2884 veniere,
1138 2827 1162 2874 et
1178 2840 1233 2873 mox
1249 2841 1312 2874 auno
1328 2837 1437 2874 noum

266 2906 301 2955 M.
327 2905 395 2955 Seius
421 2906 448 2954 1..
473 2907 499 2956 F.
526 2906 610 2956 aedilis
635 2907 726 2957 curulis
742 2907 790 2956 olei
808 2908 879 2956 denas
896 2907 970 2956 libras
988 2907 1090 2972 singulis
1103 2907 1195 2957 assibus
1211 2907 1330 2972 praestitit
1347 2906 1438 2972 populo

265 2990 371 3038 Romano
384 3005 426 3054 per
442 2992 519 3038 toturn
536 2989 653 3040 annum.”
686 2990 871 3055 Antiquissimie
888 2990 1034 3055 temporibus
1045 2995 1125 3039 umen
1135 2989 1214 3040 oleum
1223 2991 1319 3039 videtur
1330 2991 1438 3040 nondum

266 3072 293 3122 in
321 3088 366 3121 usu
382 3071 463 3122 luisse.
496 3072 628 3122 Fenestella
650 3073 714 3122 enim
732 3073 808 3122 oleam
826 3073 925 3122 omniuo
943 3089 991 3122 non
1009 3073 1081 3122 luisse
1098 3073 1124 3122 iu
1141 3072 1212 3122 Italia
1229 3073 1288 3122 dicit
1306 3073 1437 3138 Tarquinio

266 3156 347 3206 Prisca
365 3159 484 3221 regnante
520 3157 556 3206 cf.
575 3157 641 3206 Plin.
659 3156 678 3206 l.
697 3157 714 3206 l.
733 3160 743 3218 ς
763 3157 785 3207 1.

298 3239 318 3301 ’)
351 3239 404 3290 Liv.
430 3239 502 3298 XXV,
528 3241 551 3300 2,
570 3241 593 3298 6,
611 3241 634 3289 8.
671 3239 816 3290 Vocabulum
833 3241 995 3306 quiaqeaoem'
1010 3241 1102 3290 addidit
1119 3241 1147 3290 R.
1167 3239 1326 3306 Eugelmaum
1344 3243 1438 3306 etpost

266 3338 321 3372 eum
336 3321 614 3373 Weissenborn-Miller.

193 3434 195 3439 .
299 3404 320 3466 ι)
353 3405 416 3456 sus.
433 3404 481 3455 Iul.
500 3405 540 3454 aa.
558 3406 595 3456 cr.
613 3405 659 3455 nio
677 3406 741 3456 cas.
758 3407 848 3464 xum.
866 3407 906 3466 ar,
924 3407 947 3456 a.

299 3488 319 3550 ⁴)
353 3488 470 3553 Spartiun.
497 3487 573 3537 Seuer.
598 3488 638 3547 18,
656 3489 687 3537 8:
706 3490 840 3554 „(Severus)
857 3506 881 3554 p.
899 3490 927 3538 R.
945 3489 1060 3538 diurnum
1075 3489 1155 3538 oleum
1171 3489 1300 3554 gratuitum
1318 3491 1342 3539 et
1357 3490 1439 3539 leonn-

265 3571 392 3621 dissimum
417 3571 444 3620 in
468 3575 591 3621 aeteruum
617 3570 739 3620 donauit.'’
774 3572 863 3635 (lectio
885 3577 909 3622 et
920 3572 1120 3638 fecundissimum
1137 3573 1232 3621 incerte.
1266 3572 1302 3622 De
1318 3587 1345 3621 ee
1361 3572 1438 3622 varlas

265 3655 409 3705 coniecturas
426 3655 480 3705 vide
497 3655 560 3719 apud
574 3655 642 3704 Peter
658 3653 669 3687 ¹
686 3655 722 3717 (iu
740 3659 853 3720 apparatu
871 3655 979 3718 critical.)
996 3655 1034 3704 Ol.
1052 3655 1091 3713 23,
1110 3656 1141 3705 2:
1160 3655 1281 3721 „Moriens
1301 3691 1438 3706 ......

265 3739 312 3788 olei
336 3741 429 3787 tantum
455 3737 585 3804 (reliquid),
603 3741 629 3786 ut
646 3753 688 3803 per
705 3738 897 3803 quinquennium
916 3755 963 3788 uon
981 3738 1059 3788 solnm
1075 3739 1141 3788 urbis
1157 3737 1249 3796 usibus,
1266 3738 1306 3788 sed
1324 3740 1347 3788 et
1364 3739 1438 3788 totius

266 3821 356 3878 Italiae,
374 3837 433 3885 qnae
450 3820 501 3870 oleo
518 3824 577 3886 eget,
594 3820 733 3870 sufficeret.''

302 3904 321 3965 ι)
353 3903 474 3969 lamprid.
490 3903 558 3955 Alex.
576 3905 652 3954 Seuer.
671 3903 712 3963 22,
730 3905 754 3954 2.

299 3986 320 4045 ⁶)
354 3985 435 4036 Aurel.
453 3987 514 4037 Vict.
531 3987 567 4036 De
583 3987 700 4037 Caesarii).
718 3987 759 4047 41,
778 3988 817 4037 19.

300 4067 321 4128 7)
354 4067 426 4117 Varro
442 4070 505 4135 apud
521 4069 586 4121 Plin.
603 4069 635 4120 N.
653 4070 685 4120 H.
702 4071 783 4131 XIIII,
802 4071 841 4130 14,
860 4071 901 4122 96.

300 4149 320 4215 ο)
354 4150 384 4203 Iu
401 4151 466 4204 codd.
485 4151 552 4204 Md:
571 4153 717 4223 „triumphis
735 4152 855 4207 uioenes.''
