<?xml version="1.0" encoding="UTF-8"?>
<!DOCTYPE html PUBLIC "-//W3C//DTD XHTML 1.0 Transitional//EN"
    "http://www.w3.org/TR/xhtml1/DTD/xhtml1-transitional.dtd">
<html xmlns="http://www.w3.org/1999/xhtml" xml:lang="en" lang="en">
 <head>
  <title>
</title>
<meta http-equiv="Content-Type" content="text/html;charset=utf-8" />
  <meta name='ocr-system' content='tesseract 3.04.00' />
  <meta name='ocr-capabilities' content='ocr_page ocr_carea ocr_par ocr_line ocrx_word'/>
</head>
<body>
  <div class='ocr_page' id='page_1' title='image "./depauperumcuraa00essegoog_0299.png"; bbox 0 0 3296 5008; ppageno 0'>
   <div class='ocr_carea' id='block_1_1' title="bbox 758 505 822 569">
    <p class='ocr_par' dir='ltr' id='par_1_1' title="bbox 758 505 822 569">
     <span class='ocr_line' id='line_1_1' title="bbox 758 505 822 569; baseline 0.016 -1"><span class='ocrx_word' id='word_1_1' title='bbox 758 505 822 569; x_wconf 85' lang='lat'>283</span> 
     </span>
    </p>
   </div>
   <div class='ocr_carea' id='block_1_2' title="bbox 183 699 1420 4084">
    <p class='ocr_par' dir='ltr' id='par_1_2' title="bbox 193 699 1372 1560">
     <span class='ocr_line' id='line_1_2' title="bbox 243 699 420 746; baseline -0.006 -1"><span class='ocrx_word' id='word_1_2' title='bbox 243 701 267 746; x_wconf 90' lang='lat' dir='ltr'>o.</span> <span class='ocrx_word' id='word_1_3' title='bbox 310 699 420 746; x_wconf 79' lang='lat' dir='ltr'>mors.</span> 
     </span>
     <span class='ocr_line' id='line_1_3' title="bbox 243 791 1371 886; baseline 0.005 -28"><span class='ocrx_word' id='word_1_4' title='bbox 243 791 359 859; x_wconf 90' lang='lat' dir='ltr'>Huius</span> <span class='ocrx_word' id='word_1_5' title='bbox 393 793 553 861; x_wconf 80' lang='lat' dir='ltr'>vocabuli</span> <span class='ocrx_word' id='word_1_6' title='bbox 585 794 751 861; x_wconf 86' lang='lat' dir='ltr'>naturalis</span> <span class='ocrx_word' id='word_1_7' title='bbox 785 795 989 882; x_wconf 78' lang='lat' dir='ltr'>significatio</span> <span class='ocrx_word' id='word_1_8' title='bbox 1019 796 1206 885; x_wconf 80' lang='lat' dir='ltr'>unicuique</span> <span class='ocrx_word' id='word_1_9' title='bbox 1231 797 1371 886; x_wconf 84' lang='lat' dir='ltr'>patebit.</span> 
     </span>
     <span class='ocr_line' id='line_1_4' title="bbox 196 905 1372 1000; baseline 0.005 -28"><span class='ocrx_word' id='word_1_10' title='bbox 196 905 298 994; x_wconf 72' lang='lat' dir='ltr'>Inops</span> <span class='ocrx_word' id='word_1_11' title='bbox 320 907 413 973; x_wconf 85' lang='lat' dir='ltr'>enim</span> <span class='ocrx_word' id='word_1_12' title='bbox 436 913 487 974; x_wconf 89' lang='lat' dir='ltr'>est</span> <span class='ocrx_word' id='word_1_13' title='bbox 508 907 546 990; x_wconf 92' lang='lat' dir='ltr'>is,</span> <span class='ocrx_word' id='word_1_14' title='bbox 571 909 632 997; x_wconf 93' lang='lat' dir='ltr'>qui</span> <span class='ocrx_word' id='word_1_15' title='bbox 655 907 698 975; x_wconf 88' lang='lat' dir='ltr'>ab</span> <span class='ocrx_word' id='word_1_16' title='bbox 722 909 842 996; x_wconf 85' lang='lat' dir='ltr'>(omni)</span> <span class='ocrx_word' id='word_1_17' title='bbox 866 910 996 977; x_wconf 86' lang='lat' dir='ltr'>auxilio</span> <span class='ocrx_word' id='word_1_18' title='bbox 1020 915 1071 978; x_wconf 88' lang='lat' dir='ltr'>est</span> <span class='ocrx_word' id='word_1_19' title='bbox 1093 911 1285 995; x_wconf 89' lang='lat' dir='ltr'>destitutus,</span> <span class='ocrx_word' id='word_1_20' title='bbox 1311 913 1372 1000; x_wconf 93' lang='lat' dir='ltr'>qui</span> 
     </span>
     <span class='ocr_line' id='line_1_5' title="bbox 197 1018 1371 1110; baseline 0.007 -26"><span class='ocrx_word' id='word_1_21' title='bbox 197 1018 328 1106; x_wconf 87' lang='lat' dir='ltr'>(plana)</span> <span class='ocrx_word' id='word_1_22' title='bbox 356 1026 405 1087; x_wconf 86' lang='lat' dir='ltr'>est</span> <span class='ocrx_word' id='word_1_23' title='bbox 428 1022 580 1088; x_wconf 89' lang='lat' dir='ltr'>desertus</span> <span class='ocrx_word' id='word_1_24' title='bbox 603 1043 642 1089; x_wconf 89' lang='lat' dir='ltr'>ao</span> <span class='ocrx_word' id='word_1_25' title='bbox 666 1022 857 1090; x_wconf 79' lang='lat' dir='ltr'>derelictus</span> <span class='ocrx_word' id='word_1_26' title='bbox 883 1021 908 1110; x_wconf 85' lang='lat'>¹)</span> <span class='ocrx_word' id='word_1_27' title='bbox 954 1023 1189 1104; x_wconf 81' lang='lat' dir='ltr'>Quamobrem</span> <span class='ocrx_word' id='word_1_28' title='bbox 1212 1047 1371 1092; x_wconf 92' lang='lat' dir='ltr'>nonnun-</span> 
     </span>
     <span class='ocr_line' id='line_1_6' title="bbox 197 1136 1371 1222; baseline 0.006 -22"><span class='ocrx_word' id='word_1_29' title='bbox 197 1155 305 1222; x_wconf 89' lang='lat' dir='ltr'>quam</span> <span class='ocrx_word' id='word_1_30' title='bbox 347 1136 570 1203; x_wconf 81' lang='lat' dir='ltr'>coniunctum</span> <span class='ocrx_word' id='word_1_31' title='bbox 603 1137 780 1204; x_wconf 89' lang='lat' dir='ltr'>invenitur</span> <span class='ocrx_word' id='word_1_32' title='bbox 812 1157 893 1203; x_wconf 85' lang='lat' dir='ltr'>oum</span> <span class='ocrx_word' id='word_1_33' title='bbox 930 1137 1104 1205; x_wconf 83' lang='lat' dir='ltr'>vocabulis</span> <span class='ocrx_word' id='word_1_34' title='bbox 1137 1139 1371 1207; x_wconf 78' lang='lat' dir='ltr'>indicantibus</span> 
     </span>
     <span class='ocr_line' id='line_1_7' title="bbox 193 1246 1370 1339; baseline 0.004 -24"><span class='ocrx_word' id='word_1_35' title='bbox 193 1246 426 1316; x_wconf 81' lang='lat' dir='ltr'>solitudinem.</span> <span class='ocrx_word' id='word_1_36' title='bbox 474 1249 643 1338; x_wconf 82' lang='lat' dir='ltr'>Exempla</span> <span class='ocrx_word' id='word_1_37' title='bbox 674 1257 874 1337; x_wconf 88' lang='lat' dir='ltr'>sequuntur,</span> <span class='ocrx_word' id='word_1_38' title='bbox 900 1252 1072 1339; x_wconf 89' lang='lat' dir='ltr'>imprimis</span> <span class='ocrx_word' id='word_1_39' title='bbox 1095 1252 1301 1322; x_wconf 75' lang='lat' dir='ltr'>substantivi</span> <span class='ocrx_word' id='word_1_40' title='bbox 1327 1250 1370 1320; x_wconf 93' lang='lat' dir='ltr'>ab</span> 
     </span>
     <span class='ocr_line' id='line_1_8' title="bbox 193 1363 1368 1452; baseline 0.007 -24"><span class='ocrx_word' id='word_1_41' title='bbox 193 1364 289 1450; x_wconf 82' lang='lat' dir='ltr'>inope</span> <span class='ocrx_word' id='word_1_42' title='bbox 312 1363 481 1450; x_wconf 86' lang='lat' dir='ltr'>originem</span> <span class='ocrx_word' id='word_1_43' title='bbox 493 1364 660 1446; x_wconf 77' lang='lat' dir='ltr'>ducentia,</span> <span class='ocrx_word' id='word_1_44' title='bbox 673 1365 822 1452; x_wconf 82' lang='lat' dir='ltr'>inopiam</span> <span class='ocrx_word' id='word_1_45' title='bbox 834 1366 919 1448; x_wconf 86' lang='lat' dir='ltr'>dico,</span> <span class='ocrx_word' id='word_1_46' title='bbox 935 1365 997 1432; x_wconf 91' lang='lat' dir='ltr'>ubi</span> <span class='ocrx_word' id='word_1_47' title='bbox 1011 1366 1132 1432; x_wconf 87' lang='lat' dir='ltr'>eadem</span> <span class='ocrx_word' id='word_1_48' title='bbox 1145 1366 1368 1436; x_wconf 87' lang='lat' dir='ltr'>observanda.</span> 
     </span>
     <span class='ocr_line' id='line_1_9' title="bbox 285 1477 1367 1560; baseline 0.006 -16"><span class='ocrx_word' id='word_1_49' title='bbox 285 1477 353 1544; x_wconf 83' lang='lat' dir='ltr'>Cio.</span> <span class='ocrx_word' id='word_1_50' title='bbox 389 1479 440 1544; x_wconf 91' lang='lat' dir='ltr'>De</span> <span class='ocrx_word' id='word_1_51' title='bbox 463 1478 540 1543; x_wconf 87' lang='lat' dir='ltr'>Fin.</span> <span class='ocrx_word' id='word_1_52' title='bbox 563 1479 625 1560; x_wconf 91' lang='lat' dir='ltr'>IV,</span> <span class='ocrx_word' id='word_1_53' title='bbox 650 1479 702 1560; x_wconf 81' lang='lat'>23,</span> <span class='ocrx_word' id='word_1_54' title='bbox 727 1480 769 1544; x_wconf 82' lang='lat'>62</span> <span class='ocrx_word' id='word_1_55' title='bbox 800 1479 835 1543; x_wconf 94' lang='lat' dir='ltr'>in</span> <span class='ocrx_word' id='word_1_56' title='bbox 861 1501 962 1548; x_wconf 83' lang='lat' dir='ltr'>versu</span> <span class='ocrx_word' id='word_1_57' title='bbox 986 1501 1030 1546; x_wconf 87' lang='lat' dir='ltr'>ex</span> <span class='ocrx_word' id='word_1_58' title='bbox 1054 1481 1159 1546; x_wconf 82' lang='lat' dir='ltr'>Ennii</span> <span class='ocrx_word' id='word_1_59' title='bbox 1182 1481 1367 1550; x_wconf 80' lang='lat' dir='ltr'>Alcmaeo:</span> 
     </span>
    </p>

    <p class='ocr_par' dir='ltr' id='par_1_3' title="bbox 243 1592 1325 1673">
     <span class='ocr_line' id='line_1_10' title="bbox 243 1592 1325 1673; baseline 0.005 -16"><span class='ocrx_word' id='word_1_60' title='bbox 243 1593 772 1673; x_wconf 87' lang='lat' dir='ltr'>,....oiroumventus</span> <span class='ocrx_word' id='word_1_61' title='bbox 818 1592 991 1673; x_wconf 78' lang='lat' dir='ltr'>morbo,</span> <span class='ocrx_word' id='word_1_62' title='bbox 1038 1593 1222 1663; x_wconf 87' lang='lat' dir='ltr'>exsilio</span> <span class='ocrx_word' id='word_1_63' title='bbox 1266 1602 1325 1662; x_wconf 76' lang='lat' dir='ltr'>at</span> 
     </span>
    </p>

    <p class='ocr_par' dir='ltr' id='par_1_4' title="bbox 239 1705 556 1794">
     <span class='ocr_line' id='line_1_11' title="bbox 239 1705 556 1794; baseline 0.003 -22"><span class='ocrx_word' id='word_1_64' title='bbox 239 1705 556 1794; x_wconf 83' lang='lat' dir='ltr'>queinopia”</span> 
     </span>
    </p>

    <p class='ocr_par' dir='ltr' id='par_1_5' title="bbox 238 1819 786 1903">
     <span class='ocr_line' id='line_1_12' title="bbox 238 1819 786 1903; baseline 0.007 -19"><span class='ocrx_word' id='word_1_65' title='bbox 238 1820 289 1887; x_wconf 88' lang='lat' dir='ltr'>Id.</span> <span class='ocrx_word' id='word_1_66' title='bbox 313 1820 381 1886; x_wconf 93' lang='lat' dir='ltr'>Pro</span> <span class='ocrx_word' id='word_1_67' title='bbox 404 1821 503 1887; x_wconf 81' lang='lat' dir='ltr'>Rosa.</span> <span class='ocrx_word' id='word_1_68' title='bbox 527 1819 643 1887; x_wconf 84' lang='lat' dir='ltr'>Amor.</span> <span class='ocrx_word' id='word_1_69' title='bbox 667 1821 697 1903; x_wconf 85' lang='lat'>7,</span> <span class='ocrx_word' id='word_1_70' title='bbox 723 1822 786 1888; x_wconf 82' lang='lat'>20:</span> 
     </span>
    </p>

    <p class='ocr_par' dir='ltr' id='par_1_6' title="bbox 236 1933 1324 2116">
     <span class='ocr_line' id='line_1_13' title="bbox 285 1933 1324 2024; baseline 0.004 -25"><span class='ocrx_word' id='word_1_71' title='bbox 285 1933 444 2015; x_wconf 88' lang='lat' dir='ltr'>„Bonitas</span> <span class='ocrx_word' id='word_1_72' title='bbox 478 1934 696 2021; x_wconf 86' lang='lat' dir='ltr'>praediorum</span> <span class='ocrx_word' id='word_1_73' title='bbox 732 1987 739 2002; x_wconf 94' lang='lat'><strong>.</strong></span> <span class='ocrx_word' id='word_1_74' title='bbox 776 1985 783 2000; x_wconf 93' lang='lat'><strong>.</strong></span> <span class='ocrx_word' id='word_1_75' title='bbox 820 1987 827 2002; x_wconf 91' lang='lat'><strong>.</strong></span> <span class='ocrx_word' id='word_1_76' title='bbox 863 1987 871 2002; x_wconf 90' lang='lat'><strong>.</strong></span> <span class='ocrx_word' id='word_1_77' title='bbox 909 1987 917 2002; x_wconf 87' lang='lat'><strong>.</strong></span> <span class='ocrx_word' id='word_1_78' title='bbox 944 1987 983 2018; x_wconf 94' lang='lat'>.,</span> <span class='ocrx_word' id='word_1_79' title='bbox 1020 1936 1123 2002; x_wconf 91' lang='lat' dir='ltr'>huius</span> <span class='ocrx_word' id='word_1_80' title='bbox 1150 1936 1268 2024; x_wconf 89' lang='lat' dir='ltr'>inopia</span> <span class='ocrx_word' id='word_1_81' title='bbox 1290 1943 1324 2004; x_wconf 97' lang='lat' dir='ltr'>et</span> 
     </span>
     <span class='ocr_line' id='line_1_14' title="bbox 236 2047 726 2116; baseline 0.004 -4"><span class='ocrx_word' id='word_1_82' title='bbox 236 2047 383 2114; x_wconf 90' lang='lat' dir='ltr'>solitudo</span> <span class='ocrx_word' id='word_1_83' title='bbox 406 2047 726 2116; x_wconf 85' lang='lat' dir='ltr'>commemoratur.”</span> 
     </span>
    </p>

    <p class='ocr_par' dir='ltr' id='par_1_7' title="bbox 237 2161 784 2244">
     <span class='ocr_line' id='line_1_15' title="bbox 237 2161 784 2244; baseline 0.004 -18"><span class='ocrx_word' id='word_1_84' title='bbox 237 2161 364 2227; x_wconf 83' lang='lat' dir='ltr'>Cornif.</span> <span class='ocrx_word' id='word_1_85' title='bbox 389 2161 432 2227; x_wconf 90' lang='lat' dir='ltr'>ad</span> <span class='ocrx_word' id='word_1_86' title='bbox 456 2162 610 2230; x_wconf 87' lang='lat' dir='ltr'>Herenn.</span> <span class='ocrx_word' id='word_1_87' title='bbox 634 2163 661 2244; x_wconf 94' lang='lat' dir='ltr'>I,</span> <span class='ocrx_word' id='word_1_88' title='bbox 687 2163 717 2244; x_wconf 88' lang='lat'>5,</span> <span class='ocrx_word' id='word_1_89' title='bbox 743 2164 784 2229; x_wconf 82' lang='lat'>8:</span> 
     </span>
    </p>

    <p class='ocr_par' dir='ltr' id='par_1_8' title="bbox 234 2275 1320 2471">
     <span class='ocr_line' id='line_1_16' title="bbox 283 2275 1320 2365; baseline 0.002 -25"><span class='ocrx_word' id='word_1_90' title='bbox 283 2275 390 2356; x_wconf 88' lang='lat' dir='ltr'>,Item</span> <span class='ocrx_word' id='word_1_91' title='bbox 432 2276 459 2342; x_wconf 90' lang='lat' dir='ltr'>si</span> <span class='ocrx_word' id='word_1_92' title='bbox 498 2283 612 2344; x_wconf 86' lang='lat' dir='ltr'>nostra</span> <span class='ocrx_word' id='word_1_93' title='bbox 645 2276 865 2344; x_wconf 82' lang='lat' dir='ltr'>incommoda</span> <span class='ocrx_word' id='word_1_94' title='bbox 898 2278 1120 2364; x_wconf 88' lang='lat' dir='ltr'>proferemus,</span> <span class='ocrx_word' id='word_1_95' title='bbox 1156 2277 1320 2365; x_wconf 90' lang='lat' dir='ltr'>inopiam,</span> 
     </span>
     <span class='ocr_line' id='line_1_17' title="bbox 234 2388 754 2471; baseline 0.004 -17"><span class='ocrx_word' id='word_1_96' title='bbox 234 2388 465 2471; x_wconf 88' lang='lat' dir='ltr'>solitudinem,</span> <span class='ocrx_word' id='word_1_97' title='bbox 491 2389 754 2458; x_wconf 81' lang='lat' dir='ltr'>calamitatem.&#39;’</span> 
     </span>
    </p>

    <p class='ocr_par' dir='ltr' id='par_1_9' title="bbox 237 2502 735 2585">
     <span class='ocr_line' id='line_1_18' title="bbox 237 2502 735 2585; baseline 0.004 -16"><span class='ocrx_word' id='word_1_98' title='bbox 237 2502 735 2585; x_wconf 53' lang='lat' dir='ltr'>Qfflfflmmr</span> 
     </span>
    </p>

    <p class='ocr_par' dir='ltr' id='par_1_10' title="bbox 234 2617 1320 2821">
     <span class='ocr_line' id='line_1_19' title="bbox 282 2617 1320 2705; baseline 0.004 -23"><span class='ocrx_word' id='word_1_99' title='bbox 282 2617 432 2698; x_wconf 81' lang='lat' dir='ltr'>,Quodsi</span> <span class='ocrx_word' id='word_1_100' title='bbox 455 2623 492 2684; x_wconf 86' lang='lat' dir='ltr'>tu</span> <span class='ocrx_word' id='word_1_101' title='bbox 516 2617 622 2684; x_wconf 87' lang='lat' dir='ltr'>iudex</span> <span class='ocrx_word' id='word_1_102' title='bbox 646 2617 741 2684; x_wconf 91' lang='lat' dir='ltr'>nullo</span> <span class='ocrx_word' id='word_1_103' title='bbox 763 2618 933 2705; x_wconf 87' lang='lat' dir='ltr'>praesidio</span> <span class='ocrx_word' id='word_1_104' title='bbox 949 2619 1051 2686; x_wconf 87' lang='lat' dir='ltr'>fuisse</span> <span class='ocrx_word' id='word_1_105' title='bbox 1070 2617 1229 2687; x_wconf 85' lang='lat' dir='ltr'>videbere</span> <span class='ocrx_word' id='word_1_106' title='bbox 1242 2640 1320 2686; x_wconf 86' lang='lat' dir='ltr'>con·</span> 
     </span>
     <span class='ocr_line' id='line_1_20' title="bbox 234 2731 1127 2821; baseline 0.001 -24"><span class='ocrx_word' id='word_1_107' title='bbox 234 2737 287 2797; x_wconf 81' lang='lat' dir='ltr'>tra</span> <span class='ocrx_word' id='word_1_108' title='bbox 307 2732 378 2800; x_wconf 88' lang='lat' dir='ltr'>vim</span> <span class='ocrx_word' id='word_1_109' title='bbox 401 2737 437 2800; x_wconf 88' lang='lat' dir='ltr'>et</span> <span class='ocrx_word' id='word_1_110' title='bbox 458 2732 607 2818; x_wconf 84' lang='lat' dir='ltr'>gratiam</span> <span class='ocrx_word' id='word_1_111' title='bbox 630 2731 807 2798; x_wconf 90' lang='lat' dir='ltr'>solitudini</span> <span class='ocrx_word' id='word_1_112' title='bbox 830 2739 933 2821; x_wconf 87' lang='lat' dir='ltr'>atque</span> <span class='ocrx_word' id='word_1_113' title='bbox 956 2731 1127 2820; x_wconf 90' lang='lat' dir='ltr'>inopiae.”</span> 
     </span>
    </p>

    <p class='ocr_par' dir='ltr' id='par_1_11' title="bbox 235 2845 720 2927">
     <span class='ocr_line' id='line_1_21' title="bbox 235 2845 720 2927; baseline 0 -15"><span class='ocrx_word' id='word_1_114' title='bbox 235 2845 304 2912; x_wconf 80' lang='lat' dir='ltr'>Cio.</span> <span class='ocrx_word' id='word_1_115' title='bbox 328 2845 395 2912; x_wconf 89' lang='lat' dir='ltr'>Pro</span> <span class='ocrx_word' id='word_1_116' title='bbox 419 2845 553 2912; x_wconf 82' lang='lat' dir='ltr'>Cluent.</span> <span class='ocrx_word' id='word_1_117' title='bbox 579 2846 632 2927; x_wconf 83' lang='lat'>20,</span> <span class='ocrx_word' id='word_1_118' title='bbox 657 2847 720 2912; x_wconf 84' lang='lat'>57:</span> 
     </span>
    </p>

    <p class='ocr_par' dir='ltr' id='par_1_12' title="bbox 234 2951 1317 3162">
     <span class='ocr_line' id='line_1_22' title="bbox 281 2951 1317 3048; baseline 0 -22"><span class='ocrx_word' id='word_1_119' title='bbox 281 2951 420 3048; x_wconf 88' lang='lat' dir='ltr'>„ltaque</span> <span class='ocrx_word' id='word_1_120' title='bbox 444 2965 519 3026; x_wconf 86' lang='lat' dir='ltr'>tum</span> <span class='ocrx_word' id='word_1_121' title='bbox 543 2959 600 3026; x_wconf 86' lang='lat' dir='ltr'>illa</span> <span class='ocrx_word' id='word_1_122' title='bbox 623 2959 741 3047; x_wconf 89' lang='lat' dir='ltr'>inopia</span> <span class='ocrx_word' id='word_1_123' title='bbox 764 2965 798 3026; x_wconf 90' lang='lat' dir='ltr'>et</span> <span class='ocrx_word' id='word_1_124' title='bbox 820 2959 1019 3026; x_wconf 80' lang='lat' dir='ltr'>necessitate</span> <span class='ocrx_word' id='word_1_125' title='bbox 1043 2965 1180 3026; x_wconf 85' lang='lat' dir='ltr'>coaetus</span> <span class='ocrx_word' id='word_1_126' title='bbox 1193 3010 1317 3028; x_wconf 90' lang='grc'><strong>......</strong></span> 
     </span>
     <span class='ocr_line' id='line_1_23' title="bbox 234 3073 421 3162; baseline -0.011 -21"><span class='ocrx_word' id='word_1_127' title='bbox 234 3073 421 3162; x_wconf 83' lang='lat' dir='ltr'>confugit.&#39;&#39;</span> 
     </span>
    </p>

    <p class='ocr_par' dir='ltr' id='par_1_13' title="bbox 232 3187 671 3270">
     <span class='ocr_line' id='line_1_24' title="bbox 232 3187 671 3270; baseline 0 -16"><span class='ocrx_word' id='word_1_128' title='bbox 232 3187 333 3258; x_wconf 83' lang='lat' dir='ltr'>ovid.</span> <span class='ocrx_word' id='word_1_129' title='bbox 358 3187 439 3254; x_wconf 84' lang='lat' dir='ltr'>Met.</span> <span class='ocrx_word' id='word_1_130' title='bbox 465 3187 561 3270; x_wconf 92' lang='lat' dir='ltr'>XIV,</span> <span class='ocrx_word' id='word_1_131' title='bbox 584 3188 671 3254; x_wconf 81' lang='lat'>217:</span> 
     </span>
    </p>

    <p class='ocr_par' dir='ltr' id='par_1_14' title="bbox 279 3300 1207 3389">
     <span class='ocr_line' id='line_1_25' title="bbox 279 3300 1207 3389; baseline 0.001 -21"><span class='ocrx_word' id='word_1_132' title='bbox 279 3300 407 3385; x_wconf 71' lang='lat' dir='ltr'>„Solua</span> <span class='ocrx_word' id='word_1_133' title='bbox 431 3302 540 3388; x_wconf 87' lang='lat' dir='ltr'>inops,</span> <span class='ocrx_word' id='word_1_134' title='bbox 566 3323 695 3387; x_wconf 75' lang='lat' dir='ltr'>exspea</span> <span class='ocrx_word' id='word_1_135' title='bbox 721 3300 789 3367; x_wconf 84' lang='lat' dir='ltr'>leto</span> <span class='ocrx_word' id='word_1_136' title='bbox 812 3322 1012 3389; x_wconf 85' lang='lat' dir='ltr'>poenaeque</span> <span class='ocrx_word' id='word_1_137' title='bbox 1036 3300 1207 3369; x_wconf 85' lang='lat' dir='ltr'>relictus.”</span> 
     </span>
    </p>

    <p class='ocr_par' dir='ltr' id='par_1_15' title="bbox 184 3414 1360 3725">
     <span class='ocr_line' id='line_1_26' title="bbox 229 3414 1360 3504; baseline -0.002 -22"><span class='ocrx_word' id='word_1_138' title='bbox 229 3415 350 3504; x_wconf 77' lang='lat' dir='ltr'>Inopia</span> <span class='ocrx_word' id='word_1_139' title='bbox 383 3415 544 3482; x_wconf 91' lang='lat' dir='ltr'>omnibus</span> <span class='ocrx_word' id='word_1_140' title='bbox 578 3415 670 3482; x_wconf 86' lang='lat' dir='ltr'>hisne</span> <span class='ocrx_word' id='word_1_141' title='bbox 705 3414 787 3481; x_wconf 86' lang='lat' dir='ltr'>locis</span> <span class='ocrx_word' id='word_1_142' title='bbox 810 3421 925 3501; x_wconf 89' lang='lat' dir='ltr'>aperte</span> <span class='ocrx_word' id='word_1_143' title='bbox 948 3416 1042 3482; x_wconf 87' lang='lat' dir='ltr'>idem</span> <span class='ocrx_word' id='word_1_144' title='bbox 1065 3421 1116 3482; x_wconf 87' lang='lat' dir='ltr'>est</span> <span class='ocrx_word' id='word_1_145' title='bbox 1139 3415 1232 3503; x_wconf 91' lang='lat' dir='ltr'>quod</span> <span class='ocrx_word' id='word_1_146' title='bbox 1256 3415 1360 3481; x_wconf 84' lang='lat' dir='ltr'>Grae·</span> 
     </span>
     <span class='ocr_line' id='line_1_27' title="bbox 184 3528 1358 3616; baseline -0.003 -20"><span class='ocrx_word' id='word_1_147' title='bbox 184 3550 305 3596; x_wconf 91' lang='lat' dir='ltr'>oorum</span> <span class='ocrx_word' id='word_1_148' title='bbox 338 3531 454 3607; x_wconf 69' lang='lat' dir='ltr'>inopia.</span> <span class='ocrx_word' id='word_1_149' title='bbox 505 3528 641 3596; x_wconf 74' lang='lat' dir='ltr'>Consilii</span> <span class='ocrx_word' id='word_1_150' title='bbox 664 3551 763 3616; x_wconf 88' lang='lat' dir='ltr'>saepe</span> <span class='ocrx_word' id='word_1_151' title='bbox 787 3528 945 3595; x_wconf 89' lang='lat' dir='ltr'>additum</span> <span class='ocrx_word' id='word_1_152' title='bbox 967 3529 1153 3611; x_wconf 88' lang='lat' dir='ltr'>invenitur,</span> <span class='ocrx_word' id='word_1_153' title='bbox 1179 3551 1208 3596; x_wconf 87' lang='lat' dir='ltr'>e.</span> <span class='ocrx_word' id='word_1_154' title='bbox 1232 3550 1264 3613; x_wconf 87' lang='lat' dir='ltr'>g.</span> <span class='ocrx_word' id='word_1_155' title='bbox 1289 3528 1358 3595; x_wconf 78' lang='lat' dir='ltr'>(lie.</span> 
     </span>
     <span class='ocr_line' id='line_1_28' title="bbox 184 3642 1057 3725; baseline -0.002 -13"><span class='ocrx_word' id='word_1_156' title='bbox 184 3643 241 3712; x_wconf 80' lang='lat' dir='ltr'>nd</span> <span class='ocrx_word' id='word_1_157' title='bbox 265 3643 336 3710; x_wconf 82' lang='lat' dir='ltr'>An.</span> <span class='ocrx_word' id='word_1_158' title='bbox 361 3643 422 3720; x_wconf 92' lang='lat' dir='ltr'>VI,</span> <span class='ocrx_word' id='word_1_159' title='bbox 445 3644 475 3724; x_wconf 87' lang='lat'>3,</span> <span class='ocrx_word' id='word_1_160' title='bbox 501 3644 542 3724; x_wconf 82' lang='lat'>2;</span> <span class='ocrx_word' id='word_1_161' title='bbox 567 3642 667 3710; x_wconf 89' lang='lat' dir='ltr'>Ovid.</span> <span class='ocrx_word' id='word_1_162' title='bbox 691 3643 773 3710; x_wconf 88' lang='lat' dir='ltr'>Met.</span> <span class='ocrx_word' id='word_1_163' title='bbox 797 3643 859 3725; x_wconf 91' lang='lat' dir='ltr'>IX,</span> <span class='ocrx_word' id='word_1_164' title='bbox 884 3643 948 3709; x_wconf 86' lang='grc'>746</span> <span class='ocrx_word' id='word_1_165' title='bbox 962 3665 969 3725; x_wconf 91' lang='grc'><strong>;</strong></span> <span class='ocrx_word' id='word_1_166' title='bbox 995 3649 1057 3710; x_wconf 89' lang='lat' dir='ltr'>eto.</span> 
     </span>
    </p>

    <p class='ocr_par' dir='ltr' id='par_1_16' title="bbox 183 3754 1420 4084">
     <span class='ocr_line' id='line_1_29' title="bbox 228 3754 1358 3845; baseline -0.005 -19"><span class='ocrx_word' id='word_1_167' title='bbox 228 3757 328 3845; x_wconf 80' lang='lat' dir='ltr'>Inops</span> <span class='ocrx_word' id='word_1_168' title='bbox 351 3779 432 3824; x_wconf 84' lang='lat' dir='ltr'>vero</span> <span class='ocrx_word' id='word_1_169' title='bbox 456 3779 526 3824; x_wconf 93' lang='lat' dir='ltr'>non</span> <span class='ocrx_word' id='word_1_170' title='bbox 551 3756 662 3823; x_wconf 88' lang='lat' dir='ltr'>solum</span> <span class='ocrx_word' id='word_1_171' title='bbox 681 3757 710 3823; x_wconf 90' lang='lat' dir='ltr'>is</span> <span class='ocrx_word' id='word_1_172' title='bbox 733 3756 868 3838; x_wconf 81' lang='lat' dir='ltr'>dieitur,</span> <span class='ocrx_word' id='word_1_173' title='bbox 893 3756 1038 3843; x_wconf 88' lang='lat' dir='ltr'>quisine</span> <span class='ocrx_word' id='word_1_174' title='bbox 1052 3754 1358 3842; x_wconf 81' lang='lat' dir='ltr'>opa(auxilio),ssd</span> 
     </span>
     <span class='ocr_line' id='line_1_30' title="bbox 183 3868 1420 3959; baseline -0.007 -17"><span class='ocrx_word' id='word_1_175' title='bbox 183 3873 299 3955; x_wconf 84' lang='lat' dir='ltr'>etiam,</span> <span class='ocrx_word' id='word_1_176' title='bbox 325 3872 386 3959; x_wconf 91' lang='lat' dir='ltr'>qui</span> <span class='ocrx_word' id='word_1_177' title='bbox 408 3868 486 3938; x_wconf 83' lang='lat' dir='ltr'>sine</span> <span class='ocrx_word' id='word_1_178' title='bbox 504 3871 616 3959; x_wconf 81' lang='lat' dir='ltr'>opibus</span> <span class='ocrx_word' id='word_1_179' title='bbox 638 3877 699 3938; x_wconf 88' lang='lat' dir='ltr'>est.</span> <span class='ocrx_word' id='word_1_180' title='bbox 723 3870 880 3952; x_wconf 89' lang='lat' dir='ltr'>Pluralis,</span> <span class='ocrx_word' id='word_1_181' title='bbox 901 3876 940 3937; x_wconf 93' lang='lat' dir='ltr'>ut</span> <span class='ocrx_word' id='word_1_182' title='bbox 953 3869 1171 3936; x_wconf 88' lang='lat' dir='ltr'>notissimum</span> <span class='ocrx_word' id='word_1_183' title='bbox 1184 3876 1243 3951; x_wconf 89' lang='lat' dir='ltr'>est,</span> <span class='ocrx_word' id='word_1_184' title='bbox 1257 3869 1358 3936; x_wconf 91' lang='lat' dir='ltr'>inter·</span> <span class='ocrx_word' id='word_1_185' title='bbox 1418 3887 1420 3892; x_wconf 74' lang='grc'>’</span> 
     </span>
     <span class='ocr_line' id='line_1_31' title="bbox 186 3981 1359 4084; baseline -0.007 -28"><span class='ocrx_word' id='word_1_186' title='bbox 186 3987 272 4058; x_wconf 87' lang='lat' dir='ltr'>dum</span> <span class='ocrx_word' id='word_1_187' title='bbox 309 3986 450 4074; x_wconf 90' lang='lat' dir='ltr'>quidem</span> <span class='ocrx_word' id='word_1_188' title='bbox 484 3985 577 4052; x_wconf 90' lang='lat' dir='ltr'>idem</span> <span class='ocrx_word' id='word_1_189' title='bbox 600 3985 771 4070; x_wconf 83' lang='lat' dir='ltr'>signifieat</span> <span class='ocrx_word' id='word_1_190' title='bbox 795 3983 886 4072; x_wconf 94' lang='lat' dir='ltr'>quod</span> <span class='ocrx_word' id='word_1_191' title='bbox 910 3983 1102 4084; x_wconf 71' lang='lat' dir='ltr'>singularia</span> <span class='ocrx_word' id='word_1_192' title='bbox 1128 3982 1185 4050; x_wconf 87' lang='lat' dir='ltr'>sed</span> <span class='ocrx_word' id='word_1_193' title='bbox 1209 3981 1359 4069; x_wconf 90' lang='lat' dir='ltr'>plerum·</span> 
     </span>
    </p>
   </div>
   <div class='ocr_carea' id='block_1_3' title="bbox 157 4218 1359 4406">
    <p class='ocr_par' dir='ltr' id='par_1_17' title="bbox 157 4218 1359 4406">
     <span class='ocr_line' id='line_1_32' title="bbox 157 4218 1359 4313; baseline -0.002 -15"><span class='ocrx_word' id='word_1_194' title='bbox 157 4218 160 4222; x_wconf 23' lang='grc' dir='ltr'>Ι</span> <span class='ocrx_word' id='word_1_195' title='bbox 221 4250 238 4313; x_wconf 92' lang='lat'>¹)</span> <span class='ocrx_word' id='word_1_196' title='bbox 272 4249 309 4298; x_wconf 86' lang='lat' dir='ltr'>Sic</span> <span class='ocrx_word' id='word_1_197' title='bbox 335 4250 389 4298; x_wconf 83' lang='lat' dir='ltr'>inm</span> <span class='ocrx_word' id='word_1_198' title='bbox 411 4249 485 4300; x_wconf 83' lang='lat' dir='ltr'>Varro</span> <span class='ocrx_word' id='word_1_199' title='bbox 513 4250 540 4300; x_wconf 89' lang='lat' dir='ltr'>L.</span> <span class='ocrx_word' id='word_1_200' title='bbox 558 4249 585 4300; x_wconf 89' lang='lat' dir='ltr'>L.</span> <span class='ocrx_word' id='word_1_201' title='bbox 606 4249 634 4308; x_wconf 89' lang='lat' dir='ltr'>V,</span> <span class='ocrx_word' id='word_1_202' title='bbox 653 4249 693 4308; x_wconf 82' lang='lat'>17,</span> <span class='ocrx_word' id='word_1_203' title='bbox 715 4248 763 4297; x_wconf 69' lang='lat'>922</span> <span class='ocrx_word' id='word_1_204' title='bbox 782 4247 836 4312; x_wconf 80' lang='lat' dir='ltr'>,Ab</span> <span class='ocrx_word' id='word_1_205' title='bbox 853 4247 932 4298; x_wconf 83' lang='lat' dir='ltr'>eadem</span> <span class='ocrx_word' id='word_1_206' title='bbox 950 4249 1011 4312; x_wconf 85' lang='lat' dir='ltr'>(ope)</span> <span class='ocrx_word' id='word_1_207' title='bbox 1028 4247 1101 4312; x_wconf 81' lang='lat' dir='ltr'>Inops</span> <span class='ocrx_word' id='word_1_208' title='bbox 1117 4247 1159 4312; x_wconf 91' lang='lat' dir='ltr'>qui</span> <span class='ocrx_word' id='word_1_209' title='bbox 1175 4247 1227 4296; x_wconf 80' lang='lat' dir='ltr'>sins</span> <span class='ocrx_word' id='word_1_210' title='bbox 1243 4246 1359 4312; x_wconf 79' lang='lat' dir='ltr'>indiget.’&#39;</span> 
     </span>
     <span class='ocr_line' id='line_1_33' title="bbox 1228 4341 1270 4406; baseline 0 0"><span class='ocrx_word' id='word_1_211' title='bbox 1228 4341 1270 4406; x_wconf 83' lang='lat'>19</span> 
     </span>
    </p>
   </div>
   <div class='ocr_carea' id='block_1_4' title="bbox 0 0 1652 5008">
    <p class='ocr_par' dir='ltr' id='par_1_18' title="bbox 0 0 1652 5008">
     <span class='ocr_line' id='line_1_34' title="bbox 0 0 1652 5008; baseline 0 6"><span class='ocrx_word' id='word_1_212' title='bbox 0 0 1652 5008; x_wconf 95' lang='lat' dir='ltr'> </span> 
     </span>
    </p>
   </div>
  </div>
 </body>
</html>
