3226 4998
574 1525 865 1593 PROOEMIUM.

176 1804 241 1872 His
264 1805 475 1892 temporibus
498 1807 637 1872 fortasse
661 1805 757 1872 nulla
781 1828 883 1873 eausa
907 1813 966 1888 est,
992 1829 1081 1894 quae
1106 1828 1167 1894 per
1188 1827 1307 1872 omnes

131 1927 239 1985 terras
280 1919 438 1985 cultiores
471 1919 710 1985 vehementius
744 1919 927 1986 hominum
962 1921 1095 1987 animos
1131 1925 1303 2006 exspecta·

133 2033 226 2099 tione
261 2053 440 2120 suspensos
474 2031 599 2098 habeat
633 2033 858 2120 omniumque
897 2041 968 2100 tam
998 2033 1178 2099 doctorum
1201 2054 1307 2120 quam

133 2147 252 2232 Iegum
285 2146 443 2227 latorum,
480 2153 551 2211 tam
575 2147 772 2233 principum
795 2169 901 2234 quam
925 2146 1145 2235 popularium
1167 2146 1307 2232 ingenia

44 2267 47 2273 '
134 2267 301 2341 exerceat,
337 2282 443 2347 quam
477 2260 639 2346 opificum
670 2261 921 2348 hominumque
945 2261 1085 2327 infimae
1109 2260 1207 2326 sortis
1230 2281 1307 2326 oon·

135 2375 233 2455 dioi0,
270 2373 395 2460 quibus
424 2373 597 2453 „celeriter
620 2396 689 2440 esse
714 2381 816 2460 atque
840 2382 1033 2462 opportune
1058 2373 1307 2441 consulendum

134 2487 353 2554 consentiunt
387 2487 548 2568 universi,
584 2508 664 2554 oum
687 2510 765 2574 pars
788 2489 942 2554 maxima
964 2489 1001 2553 in
1024 2488 1148 2553 misera
1170 2486 1307 2553 oaIami·

135 2609 276 2688 tosaque
311 2602 448 2666 fortuna
470 2601 611 2686 indigne
634 2603 845 2668 versentur.''
872 2601 897 2689 ¹)
943 2601 1074 2688 Atqui
1098 2607 1195 2688 putet
1217 2601 1307 2666 hano

137 2715 373 2801 quaestionem
403 2735 535 2781 novum
558 2714 643 2800 quid
666 2736 747 2796 esse,
770 2715 799 2780 is
821 2715 1045 2782 vehementer
1058 2721 1157 2780 errat.
1181 2714 1308 2792 Quam·

136 2829 197 2894 diu
231 2829 297 2893 fuit
330 2828 513 2892 hominum
547 2829 697 2910 societas,
730 2850 773 2894 ex
810 2851 878 2915 quo
913 2851 966 2895 res
989 2830 1164 2894 humanae
1188 2827 1308 2893 litteris

138 2942 301 3008 custodiri
334 2947 472 3027 coeptae
508 2949 597 3022 sunt,
622 2964 765 3028 semper,
791 2943 950 3029 quamvis
973 2944 1103 3008 formae
1124 2941 1306 3021 variarent,

138 3057 175 3120 in
209 3055 347 3121 easdem
382 3055 597 3141 quaestiones
620 3055 814 3120 incidimus
862 3056 963 3134 Quod
987 3061 1020 3120 et
1044 3055 1085 3121 de
1110 3053 1185 3120 aliis
1208 3053 1309 3120 rebus

138 3169 323 3234 dicendum
379 3175 412 3234 et
457 3168 627 3254 imprimis
672 3168 712 3234 de
747 3167 949 3234 inferiorum
990 3167 1174 3233 hominum
1208 3173 1307 3234 sorte.

45 3367 48 3378 μ
139 3282 428 3368 Quandoquidem
460 3289 576 3347 autem
610 3281 722 3347 Roma
755 3280 836 3346 urbs
873 3303 934 3368 per
956 3280 1065 3346 multa
1088 3279 1222 3346 saecula
1239 3280 1310 3346 -suit

140 3397 259 3482 regina
281 3419 320 3462 ae
343 3396 485 3461 domina
508 3395 598 3462 orbis
621 3402 800 3476 terrarum,
825 3401 858 3460 et
881 3395 1039 3461 Romana
1061 3395 1138 3460 iura
1153 3394 1310 3460 instituta

142 3531 253 3576 mores
286 3531 328 3575 ne
364 3530 431 3596 quo
458 3509 609 3576 vivimus
633 3509 774 3595 quidem
796 3515 948 3596 tempore
974 3507 1086 3575 deleta
1108 3513 1197 3590 sunt,
1223 3507 1310 3572 mihi

142 3645 212 3689 non
245 3623 430 3708 indignum
467 3623 580 3689 visum
603 3629 653 3688 est
675 3623 847 3709 inquirere
870 3623 908 3688 in
931 3643 1098 3709 pauperes
1121 3642 1309 3708 eorumque

143 3737 378 3803 condicionem
401 3736 438 3800 in
461 3736 604 3823 imperio
628 3736 795 3818 Romane,
820 3743 858 3802 ut
881 3736 1102 3823 perspicuum
1118 3735 1214 3801 fieret
1226 3736 1312 3800 num

144 3857 181 3916 et
211 3850 382 3937 quomodo
417 3856 451 3915 et
485 3849 610 3936 quibus
644 3849 753 3915 causis
788 3848 928 3915 adducti
959 3849 1109 3915 Romani
1135 3848 1313 3934 egentibus

161 4149 164 4154 ,
182 4109 200 4171 ¹)
220 4109 258 4160 cf.
276 4109 362 4158 Leonis
378 4109 455 4173 Papae
472 4108 532 4158 XIII
550 4108 651 4158 Litteras
668 4109 808 4175 Enoyolioru
819 4110 853 4159 De
862 4109 1005 4159 conditione
1014 4109 1132 4174 opificum
1143 4110 1195 4171 (Ed.
1205 4109 1315 4174 Friburg.

146 4207 198 4258 pag.
209 4193 242 4253 ⁹).
