3274 4998
806 505 870 572 156

254 683 430 772 quaeritur
462 705 577 750 nonne
612 680 854 770 posterioribus
888 688 978 748 certe
1005 682 1142 770 imperii
1158 681 1316 749 -Romuni
1339 688 1423 749 tem·

252 796 393 885 poribus
443 796 727 863 frumentationes
773 796 902 862 fuerint
941 796 1116 880 egentium
1163 797 1333 884 quaedam
1366 818 1424 862 cu·

252 933 301 978 re
324 909 351 998 ¹)
395 910 555 976 Primum
590 930 730 976 monere
754 908 860 976 velim
883 896 1069 996 posteriora
1090 908 1151 976 ille
1173 917 1329 997 temporo
1351 931 1423 976 non

251 1023 401 1112 emplius
421 1023 466 1089 ad
488 1023 701 1110 propositum
723 1043 842 1088 meum
864 1023 1044 1109 pertinere.
1068 1022 1116 1088 At
1137 1044 1218 1089 cum
1241 1023 1312 1088 iam
1325 1023 1424 1090 Scae·

252 1137 341 1218 vole,
365 1137 426 1224 qui
447 1137 565 1203 Marco
588 1135 729 1203 Aurelio
752 1143 917 1220 regnante
941 1136 1038 1217 vixit,
1062 1135 1189 1202 scribat
1210 1136 1253 1202 de
1277 1143 1422 1222 petrono

254 1251 314 1339 qui
339 1249 481 1331 „liberto
502 1249 619 1315 statim
642 1248 772 1315 tribum
794 1249 864 1314 emi
890 1249 1055 1336 petieret''
1080 1257 1115 1316 et
1132 1249 1175 1316 de
1189 1249 1378 1316 commodis
1389 1256 1424 1315 et

252 1362 500 1452 principalibus
520 1361 792 1443 liberalitatibus,
816 1361 843 1448 2)
869 1383 975 1449 „ques
985 1361 1128 1428 libertus
1141 1384 1185 1428 ex
1197 1363 1318 1428 eedem
1330 1361 1424 1428 tribu

253 1477 421 1564 usquein
444 1476 538 1542 diem
560 1475 680 1542 mortis
702 1497 782 1541 suae
805 1482 1048 1542 consecuturus
1070 1475 1220 1556 fuisset,”
1234 1474 1423 1564 ⁸)cnmque

253 1590 435 1678 praeterite
457 1589 592 1676 saepius
613 1588 827 1655 illustrentur
845 1589 1022 1676 proximis,
1034 1589 1128 1654 haud
1140 1589 1323 1674 indignum
1336 1589 1425 1654 mihi

254 1703 390 1770 videtur
412 1703 454 1769 de
477 1703 542 1769 hae
566 1723 704 1790 quoque
728 1723 764 1768 re
787 1723 898 1789 pauca
921 1702 1043 1768 dicere.

286 1817 356 1896 Qui
366 1816 453 1882 bene
465 1815 655 1902 distinguit,
664 1815 751 1882 bene
763 1816 871 1882 docet.
884 1815 1033 1882 Concedi
1045 1821 1248 1902 potesttunc
1261 1817 1424 1903 temporis

252 1931 416 2008 intereos,
426 1930 487 2017 qui
496 1929 707 1996 frumentum
715 1929 893 2016 publicum
902 1929 1423 2017 perciperent‚permultosfuisse

253 2049 400 2130 egentes,
424 2064 487 2110 nec
510 2050 627 2110 temen
650 2044 805 2131 sequitur
827 2050 867 2108 ut
890 2043 1027 2116 ditiores
1050 2043 1140 2109 inter
1150 2042 1301 2130 plebeios
1312 2050 1424 2110 essent

253 2157 393 2224 exclusi.
412 2156 439 2243 ⁴)
461 2157 574 2224 Immo
594 2157 709 2244 ipsum
731 2179 858 2223 nomen
881 2156 990 2223 tribus
1012 2163 1047 2223 et
1068 2157 1143 2244 ipse
1164 2155 1257 2222 illius
1279 2163 1423 2224 tesserae

288 2310 307 2372 ¹)
341 2311 379 2360 cf.
404 2311 516 2361 Momms.
548 2311 566 2361 1.
583 2312 600 2360 l.
626 2328 679 2377 με.
696 2313 761 2364 447:
780 2313 841 2376 „Die
857 2311 1014 2376 Behsndlung
1030 2312 1071 2360 der
1086 2311 1173 2360 Tribus
1191 2311 1229 2360 bei
1245 2311 1301 2360 dem
1317 2311 1424 2360 Juristen

254 2393 363 2443 Scserols
386 2411 429 2444 sus
452 2395 536 2443 Keiser
556 2395 650 2444 Murcus
675 2396 725 2444 leit
741 2395 777 2444 sls
793 2395 858 2444 einer
874 2395 994 2444 erblichen
1012 2395 1062 2444 und
1077 2394 1257 2459 irbemgbsren
1274 2395 1423 2452 Stntsrente,

254 2478 281 2526 in
307 2477 396 2526 welche
413 2514 569 2528 .......
596 2478 714 2527 Personeu
736 2479 847 2528 niedereu
872 2479 971 2527 Standes
995 2478 1047 2526 sich
1063 2478 1200 2526 einhsuften
1217 2477 1273 2526 oder
1288 2477 1424 2541 singulam

254 2561 350 2608 wnrden
368 2561 418 2610 und
434 2561 508 2610 durch
524 2561 613 2610 welche
628 2577 687 2625 gens
703 2561 852 2624 gewbhnlich
869 2562 910 2610 der
926 2561 1014 2610 Patron
1030 2561 1066 2610 im
1081 2561 1216 2610 Testement
1232 2561 1312 2609 seinen
1329 2560 1423 2624 Ἑτοιμ-

256 2643 363 2693 lnssenen
380 2645 433 2692 eine
449 2644 572 2693 Ieibrente
588 2644 732 2702 verschnllte‚
749 2661 775 2693 eo
791 2645 844 2693 dsss
861 2645 887 2693 in
905 2645 946 2693 der
963 2644 1105 2710 Hsnplstsdt
1120 2661 1151 2693 sn
1168 2644 1207 2692 dic
1217 2643 1305 2692 Tribus
1314 2643 1423 2692 schliess·

255 2727 304 2776 lich
321 2728 360 2776 die
376 2727 528 2792 Vorstellung
544 2728 585 2776 der
600 2729 834 2792 Armenrersorgung
850 2729 901 2777 sich
918 2727 1060 2792 unhnriplt”

291 2809 310 2870 ²)
343 2809 409 2874 Quae
433 2826 476 2859 eur
500 2811 683 2860 extraordinaris
708 2815 800 2860 tuntum
825 2813 886 2860 done
902 2812 977 2860 fuisse
992 2811 1125 2860 Mommsen
1144 2811 1207 2860 dicet
1223 2810 1250 2872 (l.
1268 2809 1286 2860 l.
1303 2825 1355 2874 pag.
1373 2811 1423 2858 444

255 2908 309 2942 cnm
326 2893 381 2942 sdn.
398 2896 431 2952 4),
449 2909 496 2942 non
514 2893 645 2958 perspicio;
664 2893 715 2942 siue
732 2894 804 2942 dubio
821 2895 953 2943 ordinariae
968 2894 1162 2943 frumenlstiones
1170 2892 1244 2942 simul
1252 2893 1423 2957 intellegendae

255 2991 304 3024 esse
320 2976 382 3025 mihi
398 2976 517 3033 videntur,
534 2976 609 3024 immo
625 2977 669 3025 hse
685 2976 723 3025 vel
740 2977 849 3026 maxime.

287 3057 308 3119 ³)
341 3058 396 3122 Dig.
413 3059 512 3118 xxxu,
530 3059 561 3108 35
579 3075 615 3124 pr.

287 3143 308 3204 ⁴)
341 3141 395 3191 Non
427 3141 625 3202 obliviscendum,
650 3143 670 3192 si
694 3159 743 3192 rem
767 3143 903 3192 nniversam
928 3147 1025 3208 spectes,
1050 3143 1176 3208 postremis
1200 3142 1296 3207 imperii
1321 3142 1422 3191 Romani

254 3224 354 3274 sseculis
385 3226 503 3274 Romanos
535 3225 612 3276 multo
641 3226 722 3275 minus
745 3226 830 3291 opibus
855 3230 877 3275 et
905 3227 979 3290 copiis
1004 3226 1110 3275 floruisse
1134 3241 1206 3290 quum
1231 3230 1305 3274 entes.
1339 3224 1423 3274 Plebes

253 3310 338 3368 medis,
355 3325 416 3373 quse
432 3310 526 3367 dicitur,
542 3326 616 3375 poene
632 3314 680 3359 tntu
697 3314 813 3359 corrueret
838 3311 1005 3359 Remsnsernnt
1022 3326 1077 3358 sane
1093 3309 1262 3374 pnueieliqnot
1272 3307 1422 3374 praedivites,

253 3393 294 3441 sed
315 3397 406 3457 praeter
421 3393 464 3442 hos
481 3394 569 3442 Romae
584 3393 615 3442 ud
632 3399 761 3442 extremum
780 3409 829 3442 non
846 3394 893 3442 nisi
911 3399 1002 3458 egentes
1020 3394 1099 3442 vivere
1115 3393 1262 3442 videbuntur.
1297 3392 1334 3441 Cl.
1351 3408 1423 3457 suprs

252 3491 304 3540 peg.
332 3475 363 3523 50
389 3492 453 3540 seqq.
478 3479 501 3524 et
523 3475 593 3540 Voigt
618 3476 645 3525 iu
670 3476 712 3526 Ιιι.
739 3493 761 3524 v.
781 3477 836 3524 M.’s
853 3476 947 3525 Hsndh.
965 3477 1006 3534 lv,
1026 3477 1061 3535 2²,
1078 3493 1130 3541 pug.
1149 3475 1213 3525 430:
1233 3475 1300 3540 „Vou
1317 3474 1422 3524 solohem

252 3558 393 3622 ltiickgsnge
409 3559 450 3606 des
467 3558 699 3608 volkswohlsundes
716 3561 780 3608 werd
797 3559 961 3608 vernehmlich
973 3560 1014 3608 der
1022 3559 1170 3608 Mittelstend
1178 3559 1224 3608 mit
1232 3557 1308 3607 velles
1316 3556 1422 3606 Sohwere

251 3641 381 3690 hetroffen:
407 3641 518 3690 withrend
542 3642 583 3690 der
600 3641 687 3691 Reiche
703 3643 728 3690 in
747 3643 801 3691 dem
817 3642 1027 3692 wirtschnltlichen
1044 3642 1206 3706 Niedergenge
1223 3641 1324 3690 vielseeh
1340 3641 1422 3690 seinen

250 3724 329 3774 Besilz
354 3740 383 3773 sn
408 3724 541 3790 behnupten
566 3725 707 3784 vermochle,
733 3726 833 3775 versank
851 3727 892 3774 der
908 3730 993 3775 erstere
1008 3725 1148 3774 sllmohlich
1165 3725 1191 3773 in
1208 3724 1361 3788 Durnigkeit,
1378 3739 1421 3772 sus

249 3807 349 3856 welches
374 3808 424 3856 sich
450 3808 698 3872 emporzuschwingen
724 3824 770 3857 nur
794 3809 910 3873 wenigen‚
935 3809 1009 3858 durch
1030 3809 1111 3872 eigene
1127 3808 1278 3871 'lhiehtiglreit
1293 3808 1350 3856 oder
1365 3823 1421 3856 vom

249 3889 340 3938 Gliicke
357 3891 526 3954 Begiinstigten
544 3891 648 3956 mbglich
665 3892 736 3950 werd,
754 3908 864 3957 wogegen
873 3892 912 3941 die
920 3909 1000 3956 grosse
1010 3893 1087 3940 Messe
1095 3892 1121 3940 in
1131 3891 1265 3940 driclrende
1273 3893 1359 3940 Armet
1368 3907 1420 3940 ver-

248 3972 291 4021 fiel
309 4008 434 4023 ........
453 3974 508 4023 Und
526 3975 606 4024 indem
624 3991 650 4024 so
666 3975 743 4024 ciuem
761 3976 787 4024 in
799 3976 841 4024 der
850 3975 920 4024 Hand
929 3975 1048 4024 einzelner
1055 3975 1172 4024 l'smilien
1181 3975 1325 4039 vereinigten
1335 3974 1419 4023 Reieh·

248 4059 314 4104 tume
331 4055 370 4104 die
386 4072 465 4120 grosse
482 4057 560 4106 Messe
578 4058 619 4106 der
635 4074 664 4106 su
682 4057 834 4123 Diirltiglreit,
850 4059 876 4121 ju
892 4075 922 4107 ru
939 4061 1025 4107 Armut
1035 4058 1421 4123 Verurteiltengegeniibertrat,so

248 4139 390 4189 verechitrlte
407 4140 458 4189 sich
475 4140 550 4190 demit
566 4142 607 4190 der
623 4140 772 4190 iiberlieferte
788 4142 901 4190 Kontrsst
917 4157 964 4190 von
981 4141 1045 4190 reich
1061 4142 1111 4190 und
1127 4158 1185 4200 nrm,
1202 4141 1240 4190 die
1257 4141 1422 4191 letzlerenmit

248 4222 359 4272 bitterem
377 4221 452 4272 Hssse
468 4223 542 4272 wider
558 4224 596 4273 die
613 4224 875 4279 eisterencrliillendss'
891 4224 970 4274 Etiam
988 4225 1092 4273 conferes
1108 4223 1241 4276 Pdhlmunn
1251 4241 1272 4274 ο.
1282 4223 1419 4292 l.psg.47=
