3274 4998
828 497 891 564 192

275 674 403 741 simum
425 695 505 741 sane
532 676 625 762 quod
647 674 852 763 perlegatur,
876 675 1053 743 Kalendae
1077 675 1292 743 Decembres.
1318 675 1344 761 ¹)
1372 674 1441 741 Hic

276 809 413 876 quoque
437 789 602 856 maiorem
625 795 758 875 partem
781 789 970 856 exscribere
993 811 1063 856 non
1086 789 1238 856 alienum
1256 789 1401 858 videtur.
1418 787 1448 874 ⁹)

321 902 382 970 Vs.
405 903 426 968 9
450 923 566 990 seqq.:

457 1016 547 1097 „vix
570 1016 705 1083 Aurora
727 1038 834 1084 novos
857 1016 1019 1084 movebat
1042 1022 1146 1098 ortus,

454 1129 531 1194 Iam
553 1128 696 1196 bellaria
717 1129 809 1196 linea
833 1129 996 1217 pluebant
1019 1129 1045 1216 8)
1402 1215 1404 1218 ¹

455 1279 499 1292 -
521 1243 627 1308 Hunc
651 1264 762 1310 rorem
782 1244 924 1311 veniens
947 1243 1098 1330 profudit
1120 1263 1222 1308 eurus
1245 1264 1309 1308 -:
1405 1237 1406 1242 ’

455 1355 629 1442 Quicquid
652 1355 766 1422 nobile
789 1356 941 1423 Ponticis
962 1356 1104 1434 nucetis,
1295 1340 1297 1343 ⁵

455 1468 627 1534 Fecundis
650 1469 741 1535 cadit
764 1475 824 1535 aut
846 1469 936 1555 iugis
958 1470 1117 1556 Idymes;

455 1581 555 1661 Quod
575 1582 680 1648 ramis
703 1583 759 1670 pia
782 1584 954 1668 germinat
979 1585 1172 1664 Damascos

456 1695 501 1760 Et
524 1696 616 1783 quod
640 1681 817 1784 percoquit
840 1702 860 1781 t
884 1696 1018 1764 aebosia
1040 1698 1184 1778 Caunos,

455 1808 576 1894 Largis
598 1809 789 1894 gratuitum
812 1810 904 1877 cadit
927 1811 1077 1897 rapinis;

456 1921 577 1988 Molles
599 1923 703 2008 gaioli
727 1923 977 2012 lucuntulique‚

455 2035 501 2100 Et
524 2036 643 2102 massis
665 2037 832 2103 Amerina
855 2059 925 2104 non
949 2037 1094 2124 perustis

456 2148 501 2215 Et
523 2155 716 2216 mustaceus
739 2157 772 2217 et
795 2150 921 2216 latente
945 2149 1061 2237 palma

458 2261 666 2348 Praegnates
689 2264 880 2350 caryotides
902 2263 1079 2330 cadebant.

457 2376 536 2443 Non
556 2377 663 2444 tantis
686 2378 784 2464 Hyas
806 2378 963 2444 inserena
985 2375 1113 2443 nimbis

457 2491 578 2558 Terras
603 2490 718 2558 obruit
741 2494 801 2558 aut
823 2490 933 2558 seluta
955 2490 1057 2572 Plias,

458 2603 662 2693 Qualis'per
685 2627 811 2672 cuneos
834 2605 944 2672 hiems
966 2605 1107 2671 Latinos

458 2717 600 2786 Plebem
624 2719 791 2804 grandine
815 2719 971 2786 contudit
993 2740 1122 2785 serena.

315 2895 336 2958 1)
370 2897 478 2965 Epulum
501 2897 564 2948 illud
587 2899 664 2948 fuitne
680 2915 694 2947 a
711 2899 781 2948 modo
798 2899 984 2949 commemoratis
1001 2899 1142 2948 diversum?
1175 2899 1205 2947 In
1222 2898 1300 2947 medio
1317 2896 1452 2961 relinquen-

280 2980 338 3030 dum
364 2986 406 3040 est,
434 2982 490 3046 quia
515 2981 634 3031 Kalendae
660 2982 717 3031 illae
743 2983 881 3032 Decembres
907 2983 1031 3032 cuiusnam
1056 2982 1113 3032 anni
1139 2982 1227 3031 suerint
1254 2982 1379 3030 incertam.
1414 2980 1453 3028 cf.

281 3063 388 3113 Vollmer
412 3065 442 3113 ad
466 3064 510 3114 lroc
536 3081 637 3123 carmen,
663 3066 726 3130 quod
752 3071 786 3114 est
807 3070 897 3114 sextum
915 3065 988 3130 primi
1006 3065 1063 3127 libri
1080 3064 1207 3114 Silvarum.
1241 3065 1361 3113 letamen
1379 3062 1454 3111 nescit
1498 3084 1501 3090 ·

281 3163 312 3196 an
336 3147 486 3212 cogitandum
512 3148 544 3196 sit
569 3149 597 3197 de
623 3164 685 3197 anuo
708 3149 739 3196 92
765 3147 803 3197 vel
822 3149 861 3197 93.
895 3147 1047 3197 Friedltnder
1065 3148 1225 3212 (Sittengcsch.
1244 3148 1316 3195 Rome
1333 3147 1382 3194 ΙΙΙ6
1400 3162 1452 3210 pag.

281 3231 347 3289 476;
370 3231 397 3279 in
422 3231 493 3280 Mart.
519 3230 547 3290 V,
575 3231 615 3290 49,
642 3232 673 3290 8;
700 3231 764 3296 apud
791 3231 868 3295 Marq.
887 3231 942 3280 StV.
960 3231 1011 3279 111²
1026 3247 1077 3296 pag.
1095 3231 1143 3280 496
1161 3231 1214 3279 adn.
1234 3229 1258 3290 2)
1278 3233 1346 3294 putat
1361 3245 1454 3278 annum

281 3314 354 3363 luisse
380 3314 412 3364 88
437 3318 460 3364 et
486 3343 517 3350 -
543 3315 569 3364 id
593 3315 657 3379 quod
682 3314 790 3363 Vollmer
813 3305 882 3378 negat
900 3342 931 3350 —
950 3315 1031 3364 eodem
1049 3315 1164 3379 pertinere
1181 3314 1210 3372 V,
1227 3315 1268 3374 49,
1287 3316 1301 3364 8
1320 3329 1392 3379 seqq„
1411 3312 1452 3361 ubi

282 3400 350 3462 poeta
365 3397 464 3447 Labieni
481 3397 573 3448 calvam
591 3398 689 3447 ridens:

516 3481 579 3546 „Hic
596 3496 661 3531 error
677 3480 723 3531 tibi
740 3481 830 3547 profuit
846 3481 978 3539 Decembri,

514 3563 585 3624 Tum,
602 3580 657 3614 cum
674 3563 772 3629 prandia
789 3564 856 3613 misit
872 3565 1017 3628 Imperatore

516 3648 578 3696 Cum
591 3647 719 3712 panariolis
735 3647 812 3698 tribue
828 3647 935 3697 redisti.'’

316 3730 336 3792 ²)
370 3731 433 3780 Usus
458 3747 512 3780 sum
537 3730 655 3780 Silvarum
681 3731 791 3790 editione,
817 3747 889 3796 quam
916 3746 992 3796 nuper
1016 3731 1101 3794 (1900)
1126 3731 1219 3795 paravit
1244 3731 1356 3781 Alfredue
1373 3731 1453 3782 Klotz.

283 3814 308 3863 Si
334 3814 446 3864 carminis
472 3814 687 3880 interpretationem
708 3815 753 3874 vis,
771 3814 833 3879 legas
850 3815 969 3879 egregium
987 3814 1182 3864 commentarium
1199 3831 1270 3879 quem
1287 3816 1316 3864 de
1333 3814 1454 3864 Silvarum

283 3895 352 3946 libris
372 3901 426 3946 ante
442 3897 485 3946 hos
502 3898 607 3962 quinque
624 3911 698 3946 annos
714 3898 779 3947 dedit
795 3898 928 3946 llridericus
942 3897 1055 3947 Vollmer.

317 3978 337 4040 ³)
370 3979 458 4030 Friedl.
476 3982 505 4030 ad
522 3981 593 4031 Mart.
611 3981 679 4039 VIII,
698 3981 737 4040 78,
755 3982 770 4034 7
781 4001 786 4028 r
806 3981 887 4046 „linea
903 3981 976 4031 diver.
1011 3981 1361 4046 Offenbareineaasgespaunte
1371 3983 1455 4040 Ieine,

283 4079 313 4111 an
341 4062 440 4113 welcher
467 4064 506 4113 die
530 4065 569 4113 fiir
594 4065 635 4114 das
660 4065 722 4114 Vollr
742 4064 893 4114 bestimmten
910 4065 1045 4114 Gescbenlre
1061 4065 1168 4129 bescstigt
1185 4081 1269 4124 waren,
1287 4066 1325 4114 die
1342 4070 1400 4116 etwa
1417 4068 1453 4116 im

283 4147 389 4210 Sprunge
405 4146 513 4196 erhesclrt
529 4148 621 4197 werden
638 4147 751 4198 lrouuteu.
785 4149 842 4198 Stat.
860 4149 882 4197 S.
901 4148 913 4197 1
931 4149 954 4208 6,
973 4148 1004 4196 10
1019 4148 1070 4212 jam
1088 4147 1186 4198 bellaria
1203 4149 1263 4213 (cod.
1280 4148 1377 4212 velaria)
1389 4150 1454 4200 linea

284 4227 413 4292 pluebant;
430 4228 478 4294 rgl.
496 4229 581 4279 Grosse
598 4230 668 4282 obss.
685 4231 711 4279 in
728 4231 786 4280 Stat.
803 4247 827 4296 p.
845 4231 903 4281 39.”
