3226 4998
222 671 339 758 Epigr.
362 670 389 752 I,
414 671 467 750 92,
492 669 512 734 5
535 690 649 756 seqq.:

271 784 357 865 ,sed
379 784 406 849 si
429 805 492 849 nec
515 784 609 848 focus
633 789 768 849 estnec
791 785 877 849 nudi
900 782 1030 869 sponda
1053 781 1186 867 grabati

314 898 384 963 Nec
408 902 523 963 curtus
547 896 694 962 Chiones
717 893 926 984 Antiopesve
950 895 1049 976 calix,

269 1012 374 1077 Cerea
396 1011 424 1075 si
447 1009 573 1096 pendet
594 1009 722 1076 lumbis
745 1017 779 1076 et
801 1011 925 1098 scripta
947 1009 1084 1075 lacerna

314 1124 549 1210 Dimidiasque
573 1129 669 1189 nates
692 1124 824 1190 Gallica
847 1124 949 1190 braca
971 1123 1064 1207 tegit,

270 1238 423 1304 Pasceris
446 1243 480 1303 et
502 1237 619 1322 nigrae
646 1237 716 1304 solo
741 1238 859 1304 nidore
883 1237 1016 1304 culinae

317 1352 361 1416 Et
382 1350 470 1416 bibis
492 1351 710 1416 immundam
733 1373 814 1418 cum
836 1372 919 1417 cane
943 1371 1070 1438 pronus
1095 1348 1253 1437 aquam.'’

225 1465 288 1546 XI,
315 1466 374 1530 32:

274 1579 363 1659 „Nec
387 1585 466 1664 toga
490 1601 553 1645 nec
573 1579 667 1644 focus
689 1583 739 1643 est
761 1601 824 1644 nec
847 1579 947 1644 tritus
969 1578 1088 1644 cimice
1111 1577 1219 1643 lectus

316 1693 387 1758 Nec
411 1693 473 1758 tibi
497 1693 538 1758 de
561 1691 679 1758 bibula
701 1699 790 1758 sarta
813 1692 937 1779 palude
961 1699 1063 1777 teges
1124 1762 1129 1770 ,

272 1807 342 1872 Nec
365 1828 452 1893 puer
475 1812 534 1872 aut
556 1806 677 1887 senior,
702 1805 798 1870 nulla
821 1812 871 1871 est
895 1805 1019 1872 ancilla
1040 1827 1102 1871 nec
1127 1805 1249 1884 insane,

315 1921 386 1986 Nec
410 1942 483 1986 sera
507 1942 569 1986 nec
593 1919 698 1985 clavis
720 1941 782 1985 nee
805 1920 898 1985 canis
922 1926 1024 2007 atque
1049 1918 1147 1984 calix.

272 2035 324 2099 Tu
347 2039 463 2099 tamen
488 2034 635 2114 affectas,
661 2033 792 2114 Nestor,
817 2033 885 2099 diei
908 2040 1010 2120 atque
1035 2032 1145 2098 videri

316 2148 461 2233 Pauper,
488 2154 522 2212 et
543 2147 581 2211 in
605 2147 731 2233 populo
760 2147 894 2233 quaeris
917 2146 1042 2212 habere
1066 2145 1191 2212 locum.

214 2239 217 2246 ¹
273 2261 428 2326 Mentiris
451 2282 609 2347 vanoque
633 2260 696 2325 tibi
717 2259 882 2326 blandiris
905 2261 1043 2325 honore.

279 2436 282 2442 .
318 2375 397 2439 Non
420 2381 470 2440 est
492 2381 683 2462 paupertas,
708 2374 838 2455 Nestor,
863 2373 988 2439 habere
1013 2372 1132 2438 nihil.''

227 2486 315 2552 Ibid.
340 2487 392 2569 56,
419 2488 437 2552 1
462 2509 577 2575 seqq.:
748 2481 751 2487 ’
1066 2489 1067 2492 ’

276 2601 396 2682 ,Quod
418 2591 567 2666 nimium
591 2607 746 2682 mortem,
772 2601 985 2667 Chaeremon
1009 2600 1129 2680 Stoice,
1153 2598 1281 2678 laudas,

316 2715 379 2782 Vis
402 2715 559 2780 animum
582 2716 686 2781 mirer
709 2715 959 2802 suspiciamque
983 2714 1111 2780 tuum?

273 2828 376 2894 Hanc
396 2827 458 2894 tibi
480 2829 644 2895 virtutem
666 2829 773 2894 fracta
795 2829 875 2894 facit
897 2850 1019 2894 urceus
1041 2849 1132 2908 ansa,

319 2943 364 3006 Et
386 2942 490 3007 tristis
513 2942 608 3007 nullo
633 2943 693 3029 qui
716 2948 808 3028 tepet
831 2943 910 3026 igne
934 2943 1037 3022 focus,

210 3043 212 3048 ¹
275 3056 320 3120 Et
343 3061 435 3141 teges
459 3062 492 3121 et
515 3057 627 3121 cimex
652 3061 685 3121 et
708 3056 792 3120 nudi
817 3056 947 3140 sponda
970 3054 1112 3139 grabati,

319 3170 364 3234 Et
387 3169 500 3236 brevis
523 3177 624 3255 atque
649 3169 769 3235 eadem
792 3175 890 3234 nocte
914 3169 1037 3254 dieque
1060 3173 1149 3251 toga.

276 3281 304 3347 O
330 3305 435 3369 quam
458 3304 604 3367 magnus
626 3283 730 3348 homo
754 3305 797 3363 es,
824 3282 883 3369 qui
906 3283 996 3346 faece
1021 3279 1173 3345 rubentis
1196 3278 1283 3343 aceti

319 3396 364 3460 Et
386 3395 512 3482 stipula
535 3402 568 3461 et
591 3396 688 3481 nigro
713 3418 801 3482 pane
825 3417 938 3461 carere
962 3400 1057 3480 potes
1071 3394 1099 3458 l''
1125 3391 1150 3480 ¹)

230 3533 326 3612 Quae
362 3533 478 3599 omnia
505 3533 532 3598 si
554 3534 603 3598 ita
626 3539 714 3614 sunt,
739 3534 833 3598 haud
856 3533 923 3599 scio
949 3555 993 3597 an
1015 3554 1096 3599 vcro
1120 3530 1274 3617 proxime
1298 3528 1352 3593 ab·

220 3777 238 3837 ¹)
265 3777 375 3825 Ceterum
397 3779 421 3826 in
448 3778 485 3826 his
503 3777 676 3842 epigrammatis
694 3777 811 3825 Martialis
829 3779 880 3825 sinc
905 3777 978 3825 dubio
1004 3780 1096 3824 secutus
1113 3779 1148 3822 cst
1165 3773 1286 3821 Catullum
1305 3773 1355 3834 (23,
1436 3836 1440 3846 Ι

186 3862 198 3908 l
220 3863 308 3922 seqq.):
334 3861 425 3923 „Fumi
448 3862 503 3924 quoi
529 3877 605 3924 neque
622 3876 701 3907 servos
718 3864 753 3907 est
770 3876 845 3923 neque
861 3877 913 3908 arca
931 3861 980 3908 Nec
997 3860 1071 3906 cimex
1091 3873 1166 3920 neque
1183 3874 1265 3906 araneo
1282 3873 1356 3921 neque

184 3945 248 4009 ignis
274 3960 293 3991 c.
312 3960 334 4006 q.
354 3944 389 3990 s.''
416 3945 452 3992 Cf.
479 3945 550 3993 etiam
576 3943 663 3991 Catull.
691 3944 730 4001 24,
757 3944 779 3990 5.
807 3943 891 3991 Simile
917 3943 974 4006 quitl
999 3943 1046 3990 iam
1071 3942 1133 4006 apud
1158 3941 1258 3990 comicos
1284 3943 1354 3990 Grae·

184 4055 231 4086 cos.
250 4038 451 4102 A1·ist0ph.Plut.
471 4038 599 4102 eloseq.÷
629 4025 711 4091 κάντὶ
741 4022 772 4084 δὲ
802 4030 901 4095 κλίνης
931 4025 1067 4095 ercinia
1097 4029 1222 4104 σχοίνων
1251 4026 1356 4100 κόρεων

187 4121 316 4195 μεστήν,
338 4123 355 4184 ἣ
376 4120 443 4190 τοὺς
463 4119 598 4190 Eliberrae
619 4118 748 4195 lyeipelf'
769 4133 849 4181 Alexis
867 4115 892 4180 in
911 4125 1024 4180 Meinekii
1043 4134 1125 4196 fragm.
1144 4133 1210 4181 Com.
1229 4133 1274 4189 ΙΙΙ,
1292 4132 1352 4178 465:

188 4215 257 4283 ησῖνκ
278 4217 354 4295 ἔχων
375 4214 406 4276 δὲ
427 4220 571 4296 τυγχάνω
592 4217 623 4275 οὐ
643 4217 771 4290 βὸλβον,
794 4214 824 4273 οὐ
845 4222 911 4288 πῦρ,
933 4214 963 4274 οὐ
983 4217 1110 4290 κύμινον,
1134 4214 1189 4294 οὐχ
1209 4216 1314 4283 ἅλας.”
