3296 5008
846 495 911 560 236

231 758 237 766 Ι
288 672 418 759 spitum
452 671 699 758 clientiumque
722 672 913 738 ministeria
934 680 1091 760 coempto
1115 723 1460 742 ...........

288 784 485 868 largitiones
516 786 680 851 frumenti
717 787 826 852 lacere
850 786 998 852 instituit
1021 787 1225 875 plebemque
1249 789 1314 854 hoc
1339 810 1458 854 mune·

288 919 324 963 re
358 898 575 984 delini(vit).''
608 899 633 984 1)
680 900 731 964 De
754 900 800 966 M.
825 899 955 966 Manlio
978 901 1170 987 Capitolino
1193 902 1371 986 cogitetur,
1396 902 1458 988 qui

292 1013 556 1094 ,centurionem
580 1012 731 1079 nobilem
751 1014 957 1081 militaribus
968 1014 1074 1095 factis,
1087 1015 1277 1081 iudicatum
1291 1017 1457 1101 pecuniae

288 1148 368 1192 cum
392 1127 471 1194 duci
495 1128 642 1209 vidisset,
667 1128 871 1194 vociferatus
897 1171 903 1183 ·
931 1128 972 1195 de
996 1127 1156 1214 superbia
1178 1135 1456 1215 patrumaccru·

288 1239 426 1307 delitate
449 1241 701 1307 faeneratorum
724 1247 758 1308 et
780 1242 924 1308 miseriis
946 1241 1056 1328 plebis
1079 1293 1276 1308 .......
1289 1243 1457 1310 inderem

288 1354 446 1420 creditori
480 1354 596 1441 pelam
629 1355 757 1442 populo
791 1355 893 1421 solvit
926 1355 1082 1442 libraque
1116 1361 1150 1421 et
1173 1377 1249 1422 aere
1272 1355 1456 1423 liberatum

287 1468 445 1548 emittit,''
471 1489 539 1554 quo
562 1469 650 1535 facto
675 1468 727 1533 vel
750 1469 929 1555 proprium
952 1490 1055 1534 suum
1074 1469 1241 1548 ,fundum
1257 1470 1294 1534 in
1308 1470 1455 1552 Veienti,

287 1587 391 1668 caput
424 1582 632 1668 patrimonii,
667 1559 811 1648 subiecit
845 1583 1025 1667 praeconi;
1060 1581 1115 1647 ‘ne
1152 1604 1257 1668 quem
1292 1583 1453 1649 vestrum'

286 1694 410 1781 inquit,
432 1694 603 1772 ‘Quirites
627 1694 735 1760 donec
759 1694 951 1781 quidquam
975 1696 1011 1759 in
1036 1717 1071 1760 re
1088 1716 1165 1761 mea
1177 1697 1354 1782 supererit,
1367 1697 1454 1762 iudi-

287 1814 403 1873 catum
423 1807 643 1873 addictumve
666 1808 746 1873 duci
769 1808 922 1894 patiar'.''
947 1807 974 1894 8)

331 1920 423 1999 Quid
447 1922 556 1987 vero?
602 1921 766 2007 Uterque,
790 1929 824 1986 et
846 1921 903 2008 Sp.
928 1921 1072 1987 Maelius
1095 1928 1129 1987 et
1153 1922 1200 1988 M.
1224 1921 1375 1988 Manlius
1395 1922 1456 1989 Ga·

287 2034 451 2120 pitolinus
465 2041 623 2121 ,propter
634 2035 861 2121 suspicionem
875 2036 972 2120 regni
984 2035 1167 2122 appetendi
1180 2043 1260 2102 sunt
1271 2036 1414 2103 necati.''
1429 2035 1455 2122 8)

285 2147 332 2213 Μ.
370 2148 502 2215 Acilius
525 2147 665 2214 Glabrio
689 2148 817 2228 ,multa
840 2150 1015 2233 congiaria
1038 2149 1213 2230 habuerat,
1235 2149 1361 2236 quibus
1387 2172 1457 2216 ma·

286 2282 393 2347 gnam
416 2269 548 2348 partem
565 2262 747 2327 hominum
766 2261 964 2346 obligarat.''
991 2261 1044 2328 Ob
1059 2263 1094 2328 id
1107 2264 1221 2349 ipsum
1233 2271 1359 2344 autem,
1373 2284 1452 2330 cum

287 2375 388 2441 multi
421 2383 455 2441 et
489 2375 571 2441 clari
605 2376 670 2441 viri
693 2397 873 2441 censuram
897 2376 1070 2463 petebant,
1095 2377 1151 2456 ,in
1175 2377 1269 2442 hunc
1304 2378 1457 2443 maxime

286 2489 384 2556 favor
417 2488 536 2575 populi
569 2511 604 2554 se
637 2488 856 2555 inclinabat.''
881 2491 908 2575 4)
956 2490 1061 2556 Haud
1094 2512 1190 2557 secus
1223 2489 1345 2556 Miloni
1380 2512 1456 2577 pro·

238 2623 241 2629 ·
287 2609 363 2689 pter
412 2603 706 2687 magnificentiam
752 2624 937 2668 munerum
967 2603 1276 2690 liberalitatemque
1312 2610 1455 2670 naturae

288 2716 385 2802 vulgi
418 2738 457 2782 ac
491 2716 723 2782 multitudinis
752 2717 905 2782 studium
928 2717 1148 2782 conciliatum
1172 2718 1274 2783 luisse
1298 2716 1455 2802 legimus

291 2851 396 2917 quare
420 2830 537 2896 Cicero
562 2829 719 2916 sperabat
742 2831 812 2896 lore
834 2837 873 2895 ut
895 2829 1013 2896 consul
1037 2837 1218 2897 crearetur.
1231 2831 1257 2917 ⁵)
1303 2829 1387 2896 Milo
1399 2830 1456 2897 ille

290 2943 431 3030 quidem
455 2943 555 3007 nihili
580 2944 737 3024 vireret,
762 2943 940 3009 seditiosus
962 2944 1047 3010 civis
1070 2965 1109 3009 ac
1133 2943 1362 3010 turbulentus.
1386 2943 1457 3010 Sal·

289 3056 391 3122 lustio
432 3057 460 3122 si
493 3057 577 3122 fides
611 3057 779 3138 habenda,
815 3057 981 3122 Catilinae
1016 3056 1227 3144 temporibus
1264 3058 1456 3138 ,iuventus
1517 3073 1520 3084 ’

290 3192 377 3257 quae
412 3170 449 3234 in
473 3171 563 3255 agris
586 3192 755 3236 manuum
778 3170 934 3236 mercede
953 3171 1107 3257 inopiam
1130 3170 1344 3252 toleraverat,
1368 3171 1457 3258 pri·

289 3285 419 3352 vatis
453 3291 556 3371 atque
587 3284 733 3371 publicis
755 3283 1125 3368 largitionibus
1148 3284 1259 3350 excita
1282 3283 1456 3350 urbanum

288 3398 398 3464 otium
431 3398 566 3483 ingrato
596 3397 704 3463 labori
727 3397 966 3484 praetulerat.’'
991 3397 1017 3485 ⁶)
1062 3397 1190 3484 Ecquis
1213 3398 1286 3479 erit,
1312 3399 1372 3484 qui
1395 3398 1456 3464 du-

322 3570 343 3630 1)
376 3570 429 3618 Lis.
456 3569 497 3628 IV,
525 3569 563 3627 13,
591 3570 603 3616 1
631 3585 693 3633 seqq.
720 3568 1457 3634 0101111011,17,2,11111,,111101001111111110111011101111

287 3652 394 3716 inpensis
411 3651 592 3717 propulsatssel’
609 3653 689 3700 ferttu.

319 3735 339 3796 1)
373 3735 482 3792 1111111,
502 3736 622 3793 14,3,5,
642 3735 681 3784 10.

318 3818 339 3877 ⁸)
374 3819 615 3877 Cic.Phil.ll,4t,
636 3819 690 3866 114.
724 3817 795 3866 Haud
812 3819 931 3882 ambigam
949 3820 1062 3869 meritone
1079 3836 1109 3868 nn
1126 3820 1186 3868 falso
1203 3819 1337 3869 insimulati
1354 3820 1456 3878 sint;st

286 3901 337 3964 ipss
354 3901 397 3949 ills
415 3902 518 3965 suspicio
536 3903 661 3950 admodum
679 3903 782 3966 insignis
798 3907 855 3950 erat.

318 3984 338 4042 ⁴)
372 3983 424 4032 Lis.
451 3985 571 4041 XXXVII,
598 3986 637 4043 57,
655 3987 670 4033 9
688 4002 750 4050 seqq.
769 3985 848 4034 lectio
866 3986 1146 4050 „congiarislsabuerat”
1164 3987 1323 4035 videturesse
1338 3989 1454 4051 corrupta.

285 4065 345 4114 vide
361 4067 516 4116 Weisenborn
533 4069 562 4116 ad
579 4068 603 4116 h.
621 4068 638 4116 l.

319 4149 337 4208 ⁶)
372 4149 422 4197 Cic.
440 4151 479 4197 Ad
496 4150 561 4199 Fam.
579 4151 612 4210 Il,
630 4152 653 4208 6,
672 4152 694 4201 8.

316 4232 335 4294 Ι)
369 4232 427 4282 Ssll.
444 4232 495 4283 est
514 4233 553 4293 37,
571 4234 594 4287 7.
