3274 4998
843 488 907 553 134

180 667 188 672 ”
283 662 391 740 τριβήν
416 686 492 725 τινα·
515 673 637 728 πολλῶν
658 667 721 744 γὰρ
741 663 814 741 πρὸς
835 665 892 733 τὰς
912 665 966 725 ἀπ’
984 663 1073 726 αὑτοῦ
1092 662 1216 736 ἐλπίδας
1238 663 1454 741 ἐλευθερωθέν-

196 808 200 814 -
284 788 355 842 των,
366 768 543 850 ἀπογραφήν
553 793 646 851 σφων,
658 770 736 841 ὅπως
746 771 775 832 iv
785 792 820 831 τε
830 772 936 848 κόσμῳ
947 770 996 833 καὶ
1006 767 1035 831 ἓν
1046 771 1131 850 τάξει
1142 771 1195 830 τινὶ
1206 771 1453 843 verolamium,

284 873 418 945 ἠθέλησε
437 877 633 940 ποιήσασθαι·
656 874 687 936 οὐ
706 875 766 953 μὴν
786 874 867 935 ἀλλὰ
889 881 977 935 τοῦτο
999 871 1055 951 μὲν
1073 884 1112 964 τῇ
1132 895 1167 934 τε
1187 874 1290 935 ἑαυτοῦ
1310 873 1455 955 tropique?

285 975 318 1040 ta
343 985 396 1038 τοῦ
419 981 630 1050 addisceret
650 985 733 1041 σίτου
753 981 820 1061 ῥᾷόν
841 1003 904 1050 πως
924 981 1078 1059 aqam?
1101 980 1124 1055 l)
1169 981 1333 1068 Pompeio
1350 982 1453 1062 ellim,

285 1096 325 1157 ut
357 1092 445 1158 nihil
479 1093 574 1159 aliud
610 1115 715 1181 quam
746 1115 917 1161 novorum
940 1094 1070 1160 civium
1093 1095 1234 1160 nomina
1260 1095 1298 1158 in
1321 1093 1456 1161 tabulas

285 1206 435 1285 referret,
481 1207 676 1274 mehercule
724 1229 795 1274 non
841 1229 927 1294 opus
964 1213 1037 1273 erat
1073 1229 1219 1294 ,magna
1251 1203 1451 1294 sapientia’',

285 1341 349 1386 nec
394 1341 464 1386 non
509 1342 643 1387 moram
688 1321 720 1386 ei
764 1320 905 1386 allatam
949 1319 1161 1388 minutulam
1205 1321 1307 1386 fuisse
1347 1321 1456 1386 mani-

285 1433 411 1499 festum
444 1434 514 1500 estl
550 1433 597 1499 At
619 1435 691 1500 sine
716 1433 820 1500 dubio
844 1433 981 1500 fraudes
1004 1434 1192 1520 reprimere
1215 1442 1358 1500 conatus
1381 1456 1452 1500 esse

283 1545 428 1633 ideoque
461 1547 704 1634 accipientium
737 1569 923 1614 numerum
956 1547 1174 1634 aliquantum
1196 1547 1359 1613 minuisse
1382 1547 1453 1613 exi·

283 1659 474 1726 stimandus
496 1666 556 1726 est
602 1661 703 1740 Quod
726 1662 831 1727 etiam
854 1661 936 1727 hino
959 1660 1113 1746 intellegi
1137 1660 1227 1727 licet.
1257 1661 1361 1728 Anno
1385 1663 1451 1726 692

283 1773 343 1860 qui
377 1774 415 1838 in
438 1775 602 1840 frumenti
625 1774 755 1861 publici
775 1780 908 1861 partem
931 1773 1200 1840 admittebantur
1222 1795 1284 1861 pro
1307 1773 1452 1860 singulis

282 1887 406 1952 modiis
433 1909 532 1954 senos
554 1888 641 1954 aeris
663 1895 698 1954 et
720 1889 860 1954 trientes
883 1887 1073 1970 solvebant,
1099 1909 1190 1954 anno
1214 1889 1279 1954 698
1302 1925 1347 1938 -
1370 1909 1450 1954 cum

282 1999 340 2066 lex
366 1999 486 2067 Clodia
508 2001 578 2066 iam
601 2001 738 2068 valebat
759 2040 804 2051 —
826 2002 1042 2068 frumentum
1062 2002 1134 2068 sine
1158 2001 1228 2068 ullo
1253 2002 1362 2088 pretio
1386 2001 1451 2068 dis·

282 2113 505 2180 tribuebatur.
551 2115 603 2181 Ac
625 2122 742 2182 tamen
764 2115 857 2181 illius
878 2116 962 2181 anni
984 2115 1158 2200 impendio
1181 2137 1272 2181 anno
1295 2116 1360 2181 698
1381 2137 1450 2182 non

281 2227 348 2294 nisi
369 2228 505 2294 tertiam
529 2235 662 2316 partem
684 2229 843 2314 additam
867 2251 937 2296 esse
954 2237 1096 2317 apparet
1111 2251 1351 2316 summamque
1367 2235 1450 2296 tunc

281 2341 383 2408 fnisse
419 2341 478 2408 HS
513 2343 725 2429 quadragies.
749 2343 776 2430 1)
823 2343 907 2410 Mox
940 2350 1067 2425 tamen,
1104 2350 1143 2409 ut
1176 2343 1213 2408 in
1244 2342 1450 2410 turbulentis

281 2454 502 2542 temporibus
526 2477 646 2522 eorum
665 2457 725 2544 qui
736 2456 953 2542 largitionem
966 2458 1176 2524 adfectarent
1187 2457 1300 2523 denuo
1312 2463 1450 2522 tantum

280 2569 389 2636 crevit
421 2591 597 2647 numerus
633 2576 672 2635 ut
705 2591 864 2657 oppresso
900 2571 1051 2658 partium
1085 2571 1197 2637 studio
1221 2571 1448 2637 Caesareum

280 2683 556 2750 circumscribere
590 2705 725 2750 neeesse
761 2683 911 2751 haberet.
958 2685 1067 2750 Testis
1100 2690 1151 2750 est
1181 2683 1364 2750 Suetonius
1388 2683 1448 2771 qui

280 2818 354 2862 rem
376 2797 413 2861 in
436 2797 530 2863 hunc
553 2797 696 2863 modum
719 2804 855 2864 narrat:
884 2798 1097 2878 ,Recensum
1120 2797 1240 2884 populi
1263 2819 1326 2863 nec
1351 2819 1445 2863 more

280 2931 343 2976 nec
376 2909 450 2976 loco
482 2910 590 2992 solite,
624 2911 683 2978 sed
719 2909 859 2978 vicatim
889 2928 950 2998 per
973 2911 1129 2977 dominos
1151 2909 1343 2976 insularum
1367 2911 1446 2996 egit,

279 3029 383 3110 atque
406 3045 450 3090 ex
472 3024 596 3110 viginti
619 3025 846 3113 trecentisque
872 3025 1011 3090 milibus
1033 3023 1276 3112 accipientium
1298 3025 1448 3092 frumen·

281 3142 356 3202 tum
390 3159 409 3203 e
439 3137 577 3224 publico
600 3139 644 3204 ad
667 3145 806 3205 eentum
831 3139 1083 3227 quinquaginta
1106 3139 1267 3220 retraxit;
1292 3137 1319 3227 8)
1342 3161 1382 3206 ac
1405 3162 1449 3206 ne

282 3249 342 3337 qui
376 3251 458 3317 novi
487 3260 603 3318 coetus
631 3253 837 3319 recensionis
859 3275 961 3319 causa
985 3253 1116 3320 moveri
1142 3252 1349 3340 quandoque
1373 3273 1451 3340 pos·

281 3368 365 3460 sent,
400 3363 557 3446 instituit,
593 3374 677 3453 quot
714 3365 814 3433 annis
848 3367 885 3432 in
908 3366 1168 3434 demortuorum
1191 3361 1306 3434 locum
1329 3388 1374 3433 ex
1397 3367 1448 3446 iis,

283 3476 343 3563 qui
376 3477 506 3543 recensi
539 3499 609 3544 non
644 3486 763 3560 essent,
799 3480 993 3558 subsortitio
1028 3503 1049 3547 a
1082 3489 1237 3569 praetore
1265 3481 1394 3547 fieret.''
1422 3482 1450 3568 4)

316 3659 336 3719 ¹)
370 3658 416 3708 Dio
433 3657 498 3709 Cass.
515 3656 624 3720 XXXIX,
641 3661 682 3720 tt,
700 3661 723 3718 l,
741 3659 764 3711 2.
799 3663 852 3724 (ud.
870 3659 1018 3722 Boissevain)

314 3737 335 3801 ³)
368 3741 405 3792 Of.
423 3739 501 3808 Marq.
519 3742 537 3793 1.
555 3743 572 3792 1.
590 3759 645 3792 cum
661 3745 715 3793 adn.
734 3747 758 3794 4.

315 3823 335 3885 Ι)
369 3821 404 3874 Ex
429 3820 482 3876 hir.
508 3825 561 3876 Per.
587 3827 650 3877 CXV
674 3831 738 3892 petet
761 3827 816 3878 haec
841 3827 913 3877 verba
938 3844 986 3878 non
1003 3843 1053 3877 esee
1069 3827 1244 3892 interpretanda
1260 3843 1314 3877 cum
1332 3825 1451 3877 liudberto

282 3908 453 3973 nonnullisque
470 3910 588 3959 veteribus
605 3935 637 3946 —
654 3916 681 3960 ut
697 3911 849 3976 Oudendorp,
867 3913 992 3971 Ruhnken,
1010 3911 1082 3970 Wolf,
1115 3911 1385 3976 Baumgarten-Crusiue
1401 3928 1450 3956 -z

283 3991 406 4056 ,deductis
431 3993 525 4041 circiter
549 3999 639 4042 centem
657 3995 828 4059 quinquaqinta
846 3996 939 4045 milibus
955 3997 1022 4044 milia
1039 3999 1130 4046 centum
1146 3995 1300 4060 septuaqinta
1315 3995 1340 4043 in
1358 3994 1452 4046 ululat

281 4089 339 4124 eus
354 4073 472 4132 rettulit,”
490 4077 531 4124 sed
545 4103 577 4112 —
586 4077 649 4141 quod
657 4079 705 4126 fere
713 4094 794 4127 omnes
803 4080 941 4129 recentiores
951 4079 1033 4128 iubent
1041 4107 1073 4115 —-
1083 4099 1089 4127 ι
1100 4093 1165 4143 „eum
1175 4083 1246 4128 antea
1256 4082 1359 4128 trecenta
1368 4079 1453 4144 riqinti

280 4157 349 4208 mitia
366 4157 519 4222 accepissent,
539 4159 587 4208 tiam
604 4177 652 4209 non
669 4161 718 4210 niti
734 4168 825 4213 centum
842 4163 1012 4228 quinquaqinta
1029 4163 1122 4212 mittut
1141 4160 1290 4212 meabit?

316 4241 336 4304 ⁴)
369 4240 432 4292 Suet.
450 4239 498 4292 Iul.
511 4241 551 4292 41.
