3226 4998
816 484 857 552 44

292 685 321 730 o.
370 663 483 730 creora
505 665 594 746 balta,
621 686 708 752 quae
733 671 771 730 ut
793 686 955 751 agrorum
979 666 1203 733 colendorum
1217 663 1419 730 facultatem

250 776 458 858 ademerant,
490 777 538 843 ita
560 777 682 844 acerba
705 778 832 844 tributa
855 786 1050 865 exegerant.
1098 779 1290 845 Permultos
1312 777 1420 862 igitur

251 912 327 956 aere
358 889 470 956 alieno
493 891 594 957 fuisse
619 891 756 958 obrutos
780 892 877 958 facile
902 893 1046 980 quisque
1070 892 1254 978 intellegat.
1281 890 1306 980 ¹)
1341 891 1419 956 Iam

200 997 208 1010 ’
249 1003 400 1070 vidimus
434 1026 504 1070 non
539 1005 648 1072 multo
683 1012 759 1092 post
792 1028 888 1091 reges
923 1013 1059 1073 exactos
1082 1028 1148 1087 eos,
1174 1005 1234 1093 qui
1257 1027 1328 1070 non
1351 1005 1419 1069 nisi

250 1139 398 1204 parvum
421 1117 614 1184 dominium
636 1119 811 1200 haberent,
833 1121 1003 1186 continuis
1027 1120 1123 1186 bellis
1146 1120 1329 1185 exhaustos
1348 1138 1419 1182 non

251 1251 328 1296 raro
362 1233 550 1298 necessario
585 1240 717 1298 coactos
744 1233 856 1313 fuisse,
882 1241 919 1298 ut
943 1234 1190 1320 patrimonium
1213 1253 1315 1297 suum
1337 1253 1419 1298 ven·

251 1344 380 1410 derant.
427 1345 503 1411 Hoc
537 1345 669 1411 malum
702 1347 738 1411 in
773 1347 845 1412 dies
867 1347 969 1412 latius
1003 1353 1212 1412 manaverat.
1259 1346 1420 1412 Ceterum

251 1458 421 1544 imprimis
454 1459 585 1524 Punico
619 1459 709 1526 bello
744 1461 892 1526 secundo
930 1467 1000 1526 tota
1023 1460 1123 1526 Italia
1146 1464 1279 1526 vastata
1305 1457 1330 1543 2)
1354 1458 1421 1522 Ro-

252 1593 443 1659 manaeque
467 1572 655 1639 iuventutis
677 1575 739 1640 flos
761 1574 962 1661 absumptus
985 1581 1066 1640 erat.

297 1685 345 1751 At
379 1691 461 1751 tunc
495 1687 646 1753 maxime
681 1687 769 1753 male
805 1711 857 1754 res
888 1711 921 1754 se
945 1688 1070 1754 habero
1095 1687 1216 1773 coepit,
1241 1707 1322 1751 cum
1346 1685 1419 1770 ipsa

253 1797 313 1863 illa
357 1798 493 1885 imperii
530 1806 563 1865 et
601 1801 801 1867 divitiarum
835 1802 1006 1888 profunda
1039 1801 1207 1887 cupiditas
1241 1798 1418 1864 invaderet

253 1910 395 1976 animoa.
420 1911 446 1998 8)
491 1913 583 1979 Fieri
617 1914 711 1980 enirn
735 1937 805 1980 non
828 1922 961 2001 poterat
984 1916 1068 2002 quin
1092 1914 1231 1980 orientis
1253 1933 1358 1998 regna
1380 1911 1417 1974 in

253 2023 373 2110 populi
406 2025 555 2092 Romani
589 2034 792 2114 potestatem
826 2029 962 2094 redacta
996 2028 1199 2094 domesticae
1230 2025 1416 2091 industriae

252 2138 387 2204 funesta
409 2139 539 2206 fierent.
586 2142 683 2208 Tunc
707 2141 1258 2225 servorumefflorescebatingens
1274 2159 1416 2225 proven·

253 2257 308 2316 tus
341 2291 385 2300 -
419 2254 460 2319 dc
496 2276 564 2341 quo
598 2255 668 2320 iam
702 2257 840 2342 iamque
875 2257 1042 2342 copiosius
1076 2256 1228 2321 dicturus
1251 2276 1328 2319 sum
1350 2289 1393 2299 —
1407 2273 1414 2329 ;

254 2371 335 2430 tunc
370 2388 516 2452 magnae
540 2391 620 2454 opes
644 2370 823 2456 omnisque
847 2370 980 2454 generis
1003 2390 1107 2455 opera
1130 2375 1163 2433 et
1186 2367 1328 2433 artificia
1351 2365 1417 2430 Ro·

253 2500 347 2544 mam
380 2481 599 2547 confluebant
611 2505 619 2563 ;
655 2489 737 2549 tnnc
773 2490 976 2549 mercatores
1009 2483 1046 2548 in
1077 2503 1220 2566 magnas
1244 2479 1417 2548 societates

253 2592 399 2674 coibant,
435 2615 583 2680 quarum
617 2618 722 2662 naves
756 2619 817 2683 per
851 2597 967 2662 omnia
1001 2596 1109 2661 maria
1134 2595 1180 2660 ¹ad
1202 2595 1305 2659 totius
1328 2591 1418 2657 orbis

252 2712 421 2772 terrarum
455 2715 558 2793 caput
592 2731 720 2774 merces
755 2709 979 2775 advehebant.
1028 2709 1097 2774 Alii
1120 2709 1259 2773 miseras
1282 2705 1418 2792 provin·

252 2819 321 2884 cias
361 2841 577 2906 quacumque
621 2823 750 2888 ratione
794 2823 1053 2902 exhauriebant,
1090 2829 1128 2886 ut
1160 2819 1343 2907 publicani,
1380 2826 1418 2882 ut

252 2932 479 3018 magistratus,
516 2956 601 3020 quos
635 2936 772 3019 negotia
806 2937 1005 3002 contrahere
1031 2958 1100 3001 non
1125 2934 1274 3000 decebat.
1300 2932 1326 3019 ⁴)
1372 2932 1418 2996 At

250 3047 396 3131 exiguus
430 3053 502 3112 erat
531 3069 698 3114 numerus
722 3071 840 3114 eornm
866 3049 991 3136 quibus
1014 3050 1098 3114 haec
1122 3048 1238 3114 omnia
1261 3046 1304 3111 ad
1327 3067 1417 3110 com-

249 3160 391 3226 modum
426 3161 674 3227 redundabant.
704 3163 882 3241 „Patimur
911 3163 1025 3227 onim'’
1050 3162 1163 3227 —ait
1186 3161 1302 3226 Cicero
1327 3159 1350 3242 5)
1373 3197 1417 3206 -

252 3273 397 3354 „multos
431 3275 501 3340 iam
535 3298 643 3341 annos
679 3283 712 3341 ct
748 3275 895 3357 silemus,
921 3299 1001 3341 cnm
1024 3277 1201 3341 videamus
1225 3274 1268 3338 ad
1291 3294 1416 3359 paucos

252 3452 444 3462 ——--

285 3563 303 3624 Ι)
338 3561 396 3611 Sall.
422 3561 475 3625 Iug.
504 3561 544 3622 41,
572 3562 602 3614 7:
622 3563 744 3626 „Populus
761 3561 851 3611 militia
867 3565 937 3624 utque
955 3559 1035 3622 inopia
1053 3558 1193 3622 urgebatur:
1211 3557 1307 3620 praedas
1323 3555 1420 3604 bellicas

250 3647 402 3710 imperatores
419 3662 473 3694 cum
491 3646 572 3710 paneis
589 3644 759 3708 diripiebant.”

284 3728 303 3789 ²)
338 3728 390 3776 Liv.
417 3729 503 3786 XXVI,
532 3729 571 3785 35,
599 3730 628 3775 5:
657 3728 718 3791 „Per
742 3731 777 3776 tot
802 3743 876 3776 annos
896 3726 986 3774 tributo
1003 3725 1127 3772 exhaustos
1143 3721 1207 3770 nihil
1225 3721 1311 3785 reliqui
1330 3725 1420 3784 practer

252 3815 342 3860 terram
359 3811 448 3860 nudam
465 3828 492 3860 ec
511 3813 600 3860 vastam
621 3810 731 3859 habeat
757 3810 792 3859 lb.
811 3809 896 3867 XXXI,
916 3809 954 3865 13,
973 3809 987 3856 6
1006 3805 1107 3869 legimus
1124 3820 1232 3867 magnam
1251 3806 1341 3867 partem
1358 3803 1420 3851 ‹livi-

238 3891 305 3943 'tum
323 3879 471 3958 privatorum
489 3893 588 3959 „agros”
606 3893 683 3942 dicere
702 3892 787 3957 „volgo
805 3891 899 3941 venales
916 3907 964 3939 esse
982 3893 1005 3937 et
1022 3888 1117 3936 sibimet
1133 3887 1219 3950 emptis
1235 3902 1293 3950 opus
1310 3884 1382 3934 cssc.''

284 3976 304 4038 8)
338 3976 374 4025 CI.
392 3976 503 4035 Roschcr,
522 3977 582 4040 Syst.
601 3977 623 4025 d.
642 3975 843 4031 volkswirthsch,
862 3974 896 4022 1¹⁸
913 3989 958 4037 pag
985 3971 1040 4019 538.

285 4059 304 4119 ⁴)
339 4058 391 4107 Liv.
418 4059 481 4116 XXI,
509 4059 548 4115 63,
567 4061 596 4106 4:
626 4059 757 4124 „Quaestus
775 4057 853 4105 omnis
871 4055 978 4119 patribus
995 4054 1119 4102 indecorus
1136 4051 1225 4100 visus.”
1244 4050 1297 4115 [ubi
1311 4051 1421 4114 patribus

251 4142 441 4206 coniungendam
459 4158 513 4192 cum
530 4141 675 4206 indecem]
694 4141 730 4190 Cf.
749 4141 819 4189 etiarn
837 4139 899 4186 infra
908 4138 973 4186 Libri
984 4137 1007 4185 II
1018 4136 1095 4198 Caput
1104 4135 1131 4181 de
1141 4134 1243 4182 Faenore
1253 4134 1418 4182 Romanorum.

285 4225 303 4286 ὅ)
337 4224 387 4273 (Xe.
405 4225 472 4274 Verr.
490 4226 518 4284 V,
537 4226 576 4282 48,
597 4225 651 4274 126.
