3274 4998
820 491 884 556 102

269 671 337 730 artis
358 672 394 729 ad
416 669 607 747 quaerendum
628 675 812 746 comparatae,
834 688 905 746 qnae
916 675 1030 728 naturae
1042 677 1177 745 congruat
1185 672 1342 742 (κτητικῆς
1352 665 1433 730 κατὰ

270 751 374 830 φύσιν),
396 751 514 808 66116616
535 751 655 808 tuendae
676 749 717 807 rei
738 749 886 806 familiaris
906 769 970 826 pars
991 757 1051 819 est;
1073 751 1118 807 cui
1140 749 1253 826 quidem
1276 755 1323 808 aut
1333 768 1435 825 suppe-

270 839 329 888 tere
361 837 472 908 oportet
502 850 547 888 res
577 829 759 898 necessarias,
789 836 837 887 aut
857 830 945 906 ipsam
968 830 1157 906 suppeditare,
1179 835 1279 886 61666
1300 829 1437 904 pecuniae

270 917 421 987 suppetant
451 930 483 968 66
513 917 624 987 praesto
656 911 713 967 sint
734 929 805 986 qnae
825 911 942 966 recondi
963 929 995 966 66
1015 911 1115 986 reponi
1136 911 1228 966 solent
1248 915 1380 984 tanquam
1401 909 1438 965 ad

270 991 356 1048 vitam
387 991 546 1066 degendam
577 990 749 1047 necessariae
777 996 806 1046 et
825 990 862 1046 ad
882 991 1107 1047 communionem
1129 989 1250 1047 civitatis
1271 995 1318 1045 aut
1338 989 1438 1045 domus

271 1071 362 1128 utiles.
384 1078 412 1127 et
432 1090 497 1127 vero
519 1089 554 1127 ex
574 1071 618 1127 his
639 1089 719 1127 verae
741 1069 856 1127 divitiae
877 1069 1007 1129 videntur
1028 1077 1163 1126 constare.
1182 1069 1246 1127 talis
1259 1068 1334 1125 enim
1345 1087 1438 1124 rerum

271 1157 413 1227 partarum
434 1157 462 1207 et
483 1150 671 1226 quaesitarum
692 1149 773 1225 copia
794 1149 877 1206 bonis
898 1150 1028 1206 omnibus
1049 1151 1197 1218 cumulata,
1219 1148 1346 1223 nihilque
1358 1166 1438 1224 prae·

271 1239 347 1288 terea
368 1231 541 1298 desiderans,
562 1230 598 1287 ad
610 1230 681 1286 bene
694 1229 844 1286 vivendum
855 1248 912 1285 non
924 1236 966 1286 661
976 1230 1087 1286 infinita
1109 1274 1234 1287 .....
1256 1228 1352 1285 haeret
1362 1228 1436 1284 enim

271 1310 380 1368 divitiis
411 1316 502 1368 certus
534 1310 636 1386 aliquis
668 1310 741 1378 finis,
773 1309 1009 1385 quemadmodum
1040 1317 1069 1367 et
1098 1310 1161 1366 aliis
1182 1309 1306 1366 artibus:
1329 1309 1439 1365 nullum

272 1391 347 1448 enim
379 1391 543 1466 cuiusquam
574 1390 641 1446 artis
672 1389 887 1446 instrumentum
919 1409 1010 1465 neque
1031 1389 1212 1459 multitudine
1233 1389 1375 1446 inlinitum
1396 1393 1438 1444 661

271 1489 363 1546 66666
392 1469 587 1545 magnitudine
618 1469 794 1537 immensum,
823 1469 938 1526 divitiae
959 1476 1051 1527 autem
1071 1470 1320 1527 instrumentorum
1342 1469 1438 1526 dome·
1476 1508 1477 1511 η

271 1551 405 1607 eticorum
425 1557 454 1607 et
474 1549 600 1607 civilium
620 1555 686 1606 sunt
705 1549 856 1605 multitudo
879 1594 1059 1607 .......

311 1630 390 1706 (Gap.
405 1630 610 1701 9166166166
622 1648 712 1703 genus
725 1629 804 1686 aliud
814 1629 882 1685 artis
893 1630 1047 1704 quaerendi
1061 1633 1235 1704 (κτητικῆς),
1248 1648 1331 1704 quam
1343 1628 1440 1703 appel-

272 1710 332 1767 lant
352 1710 472 1766 maxime
494 1715 522 1766 et
542 1709 721 1766 meritissimo
733 1715 819 1766 artem
831 1709 967 1784 pecuniae
979 1710 1155 1785 quaerendae
1166 1708 1438 1787 (macerarer-riu),

272 1795 387 1866 propter
408 1809 491 1865 quam
511 1790 605 1846 nullus
626 1789 737 1846 videtur
761 1789 922 1845 divitiarum
943 1797 971 1846 61
981 1808 1073 1846 rerum
1085 1791 1272 1865 quaesitarum
1284 1788 1347 1844 finis
1359 1806 1439 1855 esse;
1470 1841 1474 1846 .

273 1890 356 1946 quam
387 1889 472 1926 unam
504 1875 531 1926 et
553 1869 672 1925 eandem
693 1887 753 1925 esse
775 1875 858 1944 atque
880 1888 940 1934 eam
962 1889 1033 1944 quae
1054 1890 1071 1926 a
1091 1869 1174 1926 nobis
1195 1869 1280 1926 modo
1301 1868 1377 1925 dicta
1398 1875 1441 1924 est

273 1950 354 2007 multi
375 1949 547 2017 existimant,
568 1955 683 2024 propter
703 1948 918 2006 similitudinem
940 1969 971 2004 66
983 1949 1163 2007 vicinitatem.
1176 1950 1226 2007 sed
1238 1967 1329 2024 neque
1341 1948 1440 2004 eadem

273 2036 316 2087 est
346 2036 429 2105 atque
460 2048 493 2086 ea
528 2048 612 2104 quam
645 2028 778 2096 diximus
814 2047 906 2104 neque
927 2029 1012 2104 longo
1035 2029 1069 2086 ab
1095 2030 1144 2086 illa
1165 2029 1251 2086 distat
1280 2028 1439 2085 intervallo.

274 2113 394 2180 (constat
425 2115 518 2167 autem
549 2128 644 2165 aarum
675 2109 761 2165 611666
782 2114 889 2177 661666,
911 2109 997 2165 611666
1018 2129 1076 2176 666
1097 2115 1204 2177 661666,
1226 2109 1276 2166 sed
1296 2128 1349 2165 usu
1370 2126 1439 2184 quo·

215 2229 218 2233 -
274 2190 338 2247 dam
356 2189 450 2265 potius
471 2194 577 2246 616616
598 2193 731 2245 tractatur
751 2194 833 2264 atque
855 2193 1020 2256 exerceturl
1042 2196 1124 2265 atque
1145 2189 1211 2246 hinc
1233 2189 1268 2246 de
1289 2208 1321 2245 ea
1342 2185 1439 2263 dispu-

274 2269 353 2326 tandi
385 2269 533 2326 exordium
564 2288 713 2326 sumamus.
735 2268 953 2344 uniuscuiusque
973 2269 1014 2326 rei
1036 2289 1107 2346 quae
1127 2275 1240 2344 paratur
1260 2289 1291 2325 66
1312 2268 1440 2344 posside·

274 2357 327 2418 tur,
360 2349 466 2425 duplex
496 2367 562 2406 usus
594 2354 644 2406 est.
676 2354 793 2423 uterque
824 2354 916 2405 autem
937 2367 987 2426 per
1007 2369 1036 2406 66
1058 2349 1173 2425 quidem
1194 2355 1244 2417 est,
1266 2367 1361 2406 verum
1382 2367 1440 2404 non

274 2429 404 2486 similiter
434 2448 485 2505 per
516 2447 554 2496 se,
587 2429 638 2484 sed
659 2429 728 2484 alter
748 2428 789 2485 rei
811 2429 1007 2486 accomodatus
1029 2449 1060 2486 66
1082 2429 1221 2506 proprius,
1243 2429 1312 2485 alter
1332 2428 1441 2484 alienus

274 2528 366 2585 neque
398 2508 538 2585 proprius,
570 2507 648 2564 verbi
680 2508 769 2581 gratia
800 2509 921 2565 calceum
943 2509 1060 2566 induere
1082 2517 1110 2567 61
1130 2511 1252 2566 calceum
1274 2513 1453 2585 permutare.-

274 2596 393 2664 utroque
425 2589 501 2644 euim
523 2588 608 2646 modo
629 2588 722 2644 calceo
744 2588 785 2644 611
806 2589 890 2646 licet:
913 2590 1083 2646 nemetiam
1105 2590 1153 2666 qui
1172 2590 1265 2648 calceo
1287 2604 1372 2645 numo
1394 2594 1442 2644 aut

276 2670 350 2726 victu
372 2674 512 2744 permutat
532 2687 595 2724 cum
616 2687 649 2724 eo
671 2667 719 2744 qui
741 2674 803 2742 eget
825 2669 927 2737 calce0,
948 2669 1036 2726 utitur
1056 2670 1104 2726 1116
1126 2670 1240 2745 quidem
1261 2669 1364 2736 calceo,
1386 2687 1442 2744 666

275 2750 384 2806 6611666
416 2749 524 2804 6616666
543 2754 594 2814 661,
616 2747 666 2804 sed
687 2767 745 2803 non
766 2767 801 2803 ex
822 2768 873 2805 usu
894 2750 1027 2824 proprio:
1050 2769 1108 2805 non
1130 2750 1206 2806 enim
1227 2747 1442 2825 permutationis

277 2847 359 2886 causa
379 2828 468 2886 factus
490 2828 598 2884 calceus
620 2833 669 2884 est.
692 2827 823 2903 idemque
845 2829 880 2885 de
901 2829 964 2886 aliis
984 2829 1068 2886 rebus
1090 2849 1160 2905 quae
1180 2835 1314 2905 parantur
1335 2848 1366 2884 66
1377 2847 1441 2904 pos·

277 2909 405 2966 sidentur
436 2907 623 2964 sentiendum.
655 2926 720 2963 nam
750 2909 928 2984 permutandi
949 2909 1020 2966 ratio
1042 2909 1174 2966 omnibus
1194 2910 1224 2966 in
1246 2909 1329 2966 rebus
1349 2909 1442 2965 locum

278 2989 381 3056 habet3
413 3005 501 3062 eaque
532 2987 655 3062 primum
683 2987 797 3062 quidem
819 2988 901 3045 duxit
921 2989 1034 3046 initium
1055 3009 1090 3046 ex
1112 3009 1144 3046 eo
1166 2990 1243 3065 quod
1264 2996 1307 3046 est
1327 2995 1443 3045 naturae

280 3073 508 3135 consentaneum,
530 3066 596 3142 quia
616 3067 745 3123 homines
766 3068 882 3124 aliarum
903 3088 996 3126 rerum
1017 3070 1151 3127 maiorem
1173 3070 1290 3126 aliarum
1304 3069 1443 3125 minorem

278 3148 397 3224 copiam,
430 3166 510 3222 quam
539 3147 605 3204 66116
631 3153 712 3214 66661,
734 3146 883 3204 habebant.
905 3168 940 3204 ex
962 3169 1017 3224 quo
1038 3149 1105 3206 licet
1124 3149 1283 3224 intelligere
1304 3167 1443 3224 caupona·

278 3229 348 3286 riam
369 3246 418 3284 seu
439 3234 622 3284 mercaturam
643 3226 796 3294 sordidam,
819 3247 902 3302 quam
924 3231 1090 3303 profitentur
1111 3235 1194 3305 atque
1215 3235 1347 3286 exercent
1361 3227 1443 3303 11661

278 3308 313 3364 ab
339 3307 402 3363 aliis
423 3313 519 3363 emunt
540 3307 617 3382 quod
637 3307 726 3382 pluris
747 3307 909 3374 revendunt,
932 3327 989 3364 non
1011 3328 1070 3365 esse
1091 3317 1199 3385 partem
1220 3309 1286 3366 artis
1307 3307 1444 3384 pecuniae

279 3386 455 3463 quaerendae
477 3392 593 3443 natura:
615 3405 681 3441 nam
701 3387 795 3461 quoad
817 3387 857 3443 eis
878 3388 945 3444 satis
966 3396 1047 3457 66661,
1062 3399 1177 3446 6616666
1189 3408 1280 3445 rerum
1292 3391 1443 3444 commuta·

279 3469 390 3524 tionem
410 3466 567 3522 necessario
589 3465 721 3522 facerent.
743 3466 773 3522 in
794 3467 885 3542 prima
906 3467 992 3542 igitur
1013 3469 1153 3537 societate,
1175 3469 1228 3525 hoc
1249 3469 1334 3525 estin
1349 3468 1443 3534 domo,

279 3547 459 3623 perspicuum
490 3551 532 3602 est
563 3546 780 3602 commutatione
812 3566 870 3604 non
902 3567 972 3623 opus
996 3567 1065 3617 esse,
1086 3549 1216 3606 sedtum
1237 3548 1360 3623 denique
1382 3565 1444 3604 cum

279 3629 336 3684 iam
367 3626 456 3682 maior
473 3625 591 3682 societas
612 3631 671 3682 est:
693 3625 852 3684 interillos
873 3628 949 3685 enim
970 3630 1123 3686 eorundem
1144 3628 1268 3686 omniunt
1291 3634 1350 3685 erat
1370 3646 1444 3684 com·

280 3707 387 3775 munio,
419 3706 449 3762 hi
482 3712 574 3762 autem
605 3725 621 3761 a
647 3705 741 3762 multis
762 3708 862 3764 semoti
883 3727 914 3764 66
935 3709 1054 3766 66166611
1075 3728 1169 3765 666666
1190 3709 1274 3765 etiam
1295 3709 1350 3764 alia
1370 3726 1445 3763 com·

281 3788 377 3844 munia
407 3787 481 3843 inter
512 3805 541 3842 se
562 3785 713 3854 habebant,
736 3805 806 3861 quae
833 3806 884 3863 pro
906 3789 1040 3864 cuiusque
1062 3789 1232 3862 egestatibus
1253 3806 1367 3844 necesse
1388 3792 1447 3843 6661

281 3868 355 3924 16166
387 3885 415 3922 66
437 3866 584 3942 impertiri.
605 3866 841 3940 quemadmodum
862 3868 946 3925 etiam
967 3888 1041 3927 nunc
1062 3870 1164 3926 multae
1186 3868 1294 3924 faciunt
1313 3866 1446 3924 barbarae

282 3947 429 4003 nationes:
458 3947 521 4021 ipsa
552 3945 628 4001 enim
648 3946 730 4002 utilia
751 3965 814 4003 cum
834 3947 951 4004 utilibus
972 3954 1152 4016 commutant,
1174 3949 1246 4004 nihil
1266 3947 1394 4023 amplius,
1417 3954 1448 4004 ut

282 4027 378 4082 vinum
399 4045 451 4101 pro
473 4025 614 4082 frumento
636 4025 734 4083 dantes
755 4033 783 4084 et
803 4028 982 4104 accipientes,
1001 4037 1029 4086 et
1049 4028 1278 4105 unumquidquid
1292 4027 1370 4084 aliud
1382 4028 1445 4084 tale.

282 4106 346 4162 16116
366 4105 453 4180 igitur
473 4105 652 4181 permutandi
672 4106 744 4163 ratio
765 4126 857 4184 neque
878 4128 973 4166 aversa
994 4128 1009 4165 a
1029 4115 1128 4166 natura
1149 4115 1191 4166 est
1210 4127 1302 4185 neque
1323 4107 1380 4164 6116
1405 4113 1447 4163 661

282 4186 349 4242 66116
378 4186 514 4262 pecuniae
545 4186 722 4261 quaerendae
748 4188 874 4263 species:
897 4190 933 4247 ad
954 4189 1140 4266 supplendam
1161 4189 1237 4246 enim
1258 4187 1368 4264 copiam
1389 4183 1446 4244 suis
