3296 5008
755 493 820 559 255

243 669 439 737 Senioribus
474 691 610 758 quoque
648 693 901 758 nonnunquam
934 666 1099 738 alimenta
1125 671 1241 738 relicta
1266 672 1369 738 fuisse

199 790 313 871 aperte
336 785 491 852 indicant
513 786 664 870 Digesta.
693 783 718 870 ¹)
786 843 788 848 ,

242 899 272 963 d.
318 897 532 965 Balneae
568 898 623 965 vel
656 899 944 966 lavationes
978 904 1038 964 aut
1071 899 1107 964 in
1142 921 1253 964 unum
1275 899 1368 965 diem

197 1018 258 1077 aut
283 1012 475 1078 incertum
500 1019 636 1099 tempus
659 1013 777 1078 autin
801 1019 1004 1099 perpetuum
1030 1012 1157 1099 populo
1181 1012 1365 1079 exhibitae.

197 1125 293 1190 Haec
327 1124 512 1192 liberalitas
546 1126 644 1192 cuius
678 1126 951 1210 frequentissima
985 1126 1113 1192 mentio
1138 1127 1176 1191 fit
1197 1127 1233 1191 in
1258 1126 1366 1192 titulis

196 1259 276 1304 oum
299 1238 419 1305 Italiae
438 1245 514 1304 tum
537 1241 805 1326 provinciarum,
833 1239 885 1306 vel
909 1240 1060 1305 maxime
1084 1240 1160 1305 ideo
1180 1240 1365 1326 conspicua

170 1352 254 1433 est,
291 1353 383 1440 quod
418 1352 623 1440 aliquotiens
659 1353 703 1419 ad
739 1353 897 1440 hospitae,
918 1353 1130 1433 adventores,
1155 1354 1363 1439 peregrinos,

194 1465 302 1531 immo
327 1465 381 1533 vel
404 1467 446 1532 ad
471 1488 585 1533 servos
608 1473 641 1534 ct
665 1466 805 1533 ancillas
835 1465 1058 1532 redundabat.
1072 1465 1214 1552 Saepius
1227 1487 1363 1554 quoque

195 1579 317 1646 divites
351 1579 490 1646 balneas
513 1581 554 1646 de
579 1581 715 1668 proprio
738 1581 893 1647 fecerunt
916 1579 970 1646 vel
994 1579 1104 1645 solum
1130 1579 1299 1646 dederunt
1321 1582 1365 1646 ad

196 1692 358 1759 balneum
393 1693 655 1760 aedificandum.
691 1693 717 1781 ²)
777 1693 972 1759 Gratuitam
1010 1699 1127 1759 autem
1160 1692 1363 1759 balnearum

228 1881 248 1940 ι)
282 1881 336 1944 nig.
355 1881 428 1940 XXX,
447 1881 509 1929 122:
525 1881 594 1946 „Hoc
610 1880 715 1946 amplius
731 1882 794 1945 quod
811 1881 837 1929 in
854 1881 968 1929 alimenta
985 1881 1092 1928 infirmae
1108 1881 1197 1937 aetatis,
1214 1883 1271 1945 puta
1288 1859 1381 1930 senio-⁹

193 1963 259 2012 ribus
277 1963 314 2011 vel
329 1964 409 2028 pneris
426 1964 568 2028 puellisque,
581 1965 689 2014 relictum
698 1965 779 2022 inerit,
788 1965 817 2013 ed
826 1964 939 2012 honoram
948 1964 1052 2012 civitatis
1062 1964 1178 2027 pertinere
1186 1964 1365 2028 respondetur.”

224 2047 244 2106 ²)
278 2047 346 2096 Hanc
363 2063 455 2112 qnoque
472 2047 638 2097 llberalitatem
656 2047 774 2098 nonnulla
790 2047 896 2111 exempla
913 2046 1077 2095 illustrabunt.
1097 2047 1142 2107 (Da
1159 2047 1240 2096 Fausti
1256 2047 1363 2112 benigni·

192 2133 238 2178 tate
260 2130 310 2178 dixi
327 2146 378 2194 pag.
398 2129 445 2179 243
463 2131 518 2179 adn.
536 2133 570 2186 41
604 2132 685 2180 Primo
703 2131 754 2180 loco
772 2145 929 2180 commemoro
947 2130 972 2177 id
997 2129 1060 2192 quod
1078 2129 1184 2192 Agrippa
1200 2129 1255 2178 lecit
1272 2130 1364 2190 aedilis,

192 2231 263 2279 (anno
289 2237 310 2268 a.
337 2237 360 2268 u.
388 2237 407 2269 a.
431 2221 477 2273 721
506 2240 538 2264 =
563 2238 584 2271 a.
610 2223 668 2271 Chr.
694 2239 718 2271 n.
746 2225 795 2285 83),
821 2225 862 2286 qni
892 2213 949 2280 ητα
975 2231 1009 2270 τε
1030 2209 1176 2283 βαλανεῖα
1197 2220 1303 2285 προῖκα
1324 2213 1362 2272 δι’

191 2302 272 2372 ἔτους
301 2302 350 2365 καὶ
370 2312 430 2371 τοῖς
450 2301 574 2377 ἀνδράσι
594 2304 643 2366 καὶ
662 2315 728 2374 ταῖς
745 2307 857 2386 γυναιξὶ
878 2311 1006 2366 λοῦσθαι
1025 2306 1192 2386 σαρέσχε.”
1219 2315 1275 2376 (Dio
1298 2316 1363 2365 cass.

191 2400 274 2458 XLIX,
300 2401 341 2456 43,
368 2399 390 2448 3.
425 2400 462 2448 Ol.
491 2400 555 2449 Plin.
585 2401 615 2449 N.
642 2402 673 2450 H.
703 2402 810 2461 XXXVI,
834 2405 872 2462 lt,
892 2404 955 2452 121:
975 2403 1022 2467 ,nt
1039 2403 1141 2466 gratuita
1159 2401 1263 2466 praebita
1279 2399 1363 2448 balnea

191 2487 285 2531 centum
309 2483 464 2547 septuaginta,
490 2500 549 2547 qum
571 2500 635 2532 nnnc
661 2485 747 2534 Romae
770 2486 800 2534 ad
825 2487 947 2535 infinitum
973 2502 1056 2535 auxere
1079 2483 1230 2534 numerum.”
1266 2485 1301 2531 De
1318 2483 1362 2530 hoc

190 2566 241 2614 loro
267 2567 325 2614 Mau
349 2567 411 2630 apud
438 2565 647 2630 Pauly-Wissowa,
665 2568 831 2633 Reid-Eneycl.
850 2586 868 2618 s.
887 2586 910 2618 v.
929 2569 1009 2619 Bridsr
1026 2568 1072 2630 (11¹
1089 2585 1141 2632 pag.
1160 2568 1252 2627 2747)ι
1272 2566 1360 2631 „Meist

190 2649 396 2702 missverstanden.
422 2648 458 2697 als
483 2649 547 2697 hstes
572 2651 677 2715 Agrippa
700 2667 726 2699 so
743 2651 804 2700 viele
821 2653 849 2701 B.
867 2652 972 2701 erbaut.”
1006 2653 1074 2715 Ipsae
1092 2651 1187 2700 balneae
1204 2650 1279 2714 igitur
1295 2652 1363 2696 erant

190 2732 306 2796 publicae,
331 2748 390 2796 quas
411 2737 490 2781 tamen
517 2733 748 2798 Agrippa.gratuito
777 2737 874 2784 utendas
900 2736 1025 2800 praebuit.)
1053 2735 1165 2784 Notabile
1189 2749 1282 2797 quoqne
1299 2732 1361 2796 qnod

190 2822 277 2870 subicit
301 2823 362 2874 Dio:
412 2815 478 2881 ,ικαὶ
507 2814 575 2884 τοὺς
605 2815 724 2891 κουρέας
752 2815 780 2877 ἓν
801 2827 866 2887 ταῖς
886 2819 1095 2894 πανηγύρεσιν,
1118 2818 1153 2886 aa
1174 2813 1293 2884 πολλὰς
1313 2813 1362 2876 καὶ

190 2907 388 2979 παντοδαπὰς
418 2907 552 2982 ἐποίησεν
585 2961 763 2974 .....
800 2957 808 2988 ,
841 2911 1048 2990 ἐμισθώσατο,
1079 2912 1125 2972 ἵνα
1148 2910 1250 2988 μηδεὶς
1270 2907 1362 2987 μηδὲν

190 3000 287 3072 αὐτοῖς
306 3003 474 3094 ἁναλὼσῃ,”
509 3013 586 3059 Immo
604 3011 706 3061 moriens
723 3028 744 3060 a.
762 3028 785 3060 u.
804 3028 823 3060 o.
842 3012 891 3064 742
907 3012 1036 3074 (a.Chr.n.
1048 3010 1088 3070 12)
1106 3009 1233 3077 ,Ικήπους
1253 3006 1287 3067 τὲ
1299 3027 1360 3084 σφι-

190 3120 220 3158 σι
250 3113 277 3176 (i.
295 3130 314 3162 c.
329 3116 426 3182 populo)
444 3104 492 3166 καὶ
513 3099 547 3163 τὲ
568 3101 726 3175 βαλανεῖον
746 3099 781 3160 τὸ
807 3097 958 3178 ἓσὼννμον
984 3100 1072 3163 αὑτοῦ
1088 3104 1259 3178 κατέλιπεν,
1282 3101 1360 3162 ὥστε

190 3205 296 3270 erpoino
326 3195 431 3268 αὐτοὺς
464 3204 603 3273 λοῦσθαι,
636 3203 729 3278 χωρία
760 3198 822 3258 τινα
853 3195 882 3267 ἐς
908 3205 995 3259 τοῦτο
1016 3208 1060 3278 τῷ
1081 3199 1245 3278 Αὐγούστῳ
1266 3199 1360 3268 ὃοὺς.”

188 3294 245 3355 (Dio
262 3295 325 3345 Cass.
342 3295 404 3353 LIV,
428 3296 467 3354 29,
486 3300 511 3355 4)
529 3324 560 3332 -
578 3297 689 3360 Sequitur
706 3296 782 3344 Plinii
799 3299 973 3356 tastamentum,
990 3297 1031 3360 qni
1050 3297 1207 3346 Comensibus
1216 3297 1361 3361 aliquantam

189 3380 313 3444 pecuniam
339 3379 426 3443 legavit
450 3384 474 3428 et
499 3380 524 3428 in
550 3379 610 3428 alios
636 3395 693 3427 nans
710 3385 733 3427 et
750 3379 779 3428 ad
796 3379 900 3428 thermas
916 3381 1078 3437 aedificandas,
1095 3381 1247 3436 exornandas,
1265 3380 1362 3428 tuendas

190 3462 226 3523 (0.
244 3463 263 3511 1.
274 3463 301 3512 L.
314 3463 339 3520 V,
351 3463 493 3512 5262=0a
505 3463 622 3515 111201.
634 3462 744 3510 Momms.
756 3463 781 3510 in
793 3462 874 3510 Herm.
884 3462 923 3512 III
932 3477 984 3527 pag.
996 3463 1062 3521 102.)
1072 3493 1103 3501 —
1114 3463 1176 3512 sudi
1185 3466 1283 3528 possunt
1291 3462 1361 3510 etiam

189 3545 231 3594 alii
250 3545 316 3594 tituli
334 3545 455 3610 permulti.
479 3545 550 3595 Velut
567 3546 594 3595 0.
612 3546 631 3594 Ι.
650 3546 678 3594 L.
695 3546 729 3603 ll,
749 3545 828 3594 1956:
848 3545 933 3610 „lunia
950 3547 1061 3608 Dissimi)
1078 3547 1128 3596 filia
1146 3547 1241 3595 Raetias
1259 3545 1362 3594 sacerdos

190 3633 301 3693 perpetua
320 3667 325 3677 .
342 3666 347 3678 .
367 3664 398 3678 ..
426 3628 503 3678 solnm
529 3628 618 3678 balinei
644 3627 732 3677 dedit.”
760 3656 792 3664 —
815 3628 895 3680 3210:
915 3629 961 3694 „Q
980 3630 1051 3678 loric
1069 3630 1098 3694 Q.
1116 3631 1133 3678 f.
1152 3629 1263 3678 Culleoni
1282 3664 1287 3675 .
1306 3663 1312 3676 .
1332 3666 1337 3675 .
1357 3666 1361 3674 .

190 3713 253 3776 quod
272 3750 277 3760 .
297 3749 302 3758 .
322 3751 326 3760 .
347 3751 351 3760 .
378 3711 455 3761 solum
482 3712 511 3760 ad
528 3711 651 3760 balineum
668 3711 837 3760 aedificandum
856 3712 943 3760 dedit.”
963 3712 1159 3770 —Ill,1380:
1178 3712 1229 3776 „li
1248 3710 1364 3759 Claudius

189 3796 289 3844 Faustus
306 3800 329 3845 et
346 3795 445 3844 Claudia
462 3795 520 3843 Nais
537 3795 617 3844 Fausti
634 3794 745 3843 balneum
763 3794 850 3858 populo
868 3798 891 3843 et
907 3795 1008 3844 familiai
1027 3795 1131 3844 Caesaris
1141 3794 1362 3857 n(ostri)d(e)p(ro·

189 3879 250 3942 prio)
275 3877 422 3940 lieceruntls'
449 3905 480 3943 ·,·
507 3879 534 3935 V,
562 3877 642 3926 6522:
671 3878 793 3942 „Terentia
817 3877 846 3942 Q.
864 3878 881 3926 1,
899 3878 1038 3927 Postumina
1055 3895 1097 3926 suo
1114 3882 1137 3926 et
1155 3878 1182 3926 C.
1200 3876 1283 3924 Veturi
1301 3876 1327 3924 L.
1345 3877 1362 3924 l.

190 3961 335 4010 Lucumonis
353 3961 399 4009 viri
417 3961 454 4009 sui
472 3964 495 4008 et
512 3961 539 4009 C.
558 3961 639 4010 Veturi
657 3960 684 4009 C.
703 3962 719 4008 1.
737 3961 871 4009 Postumini
889 3959 957 4022 sulii)
969 3961 1006 4008 sni
1016 3961 1112 4010 nomine
1121 3960 1243 4008 balineum
1253 3958 1303 4007 solo
1313 3958 1361 4023 pri-

190 4049 242 4093 vato
259 4048 282 4092 et
299 4043 440 4092 lavationem
458 4043 583 4107 gratuitam
602 4045 629 4092 in
646 4049 784 4108 perpetuum
802 4043 890 4091 dedit.”
909 4071 940 4080 -
958 4044 1000 4102 IX,
1019 4044 1084 4096 5074
1101 4045 1140 4105 (el.
1160 4042 1234 4094 5075.
1250 4042 1292 4090 Bis
1301 4045 1363 4091 extat

189 4126 262 4175 altero
279 4126 385 4191 exemplo
402 4127 494 4190 integro
510 4127 584 4176 altero
601 4127 697 4182 tractat:
721 4126 766 4190 „Q.
785 4126 811 4173 C.
830 4126 944 4189 Poppseci
964 4163 969 4175 .
989 4163 995 4175 .
1015 4162 1022 4190 ,Ι
1040 4163 1045 4175 .
1063 4125 1235 4190 municipibus,
1252 4123 1364 4182 coloneis,

190 4210 295 4268 insulsis,
313 4210 454 4284 hospitibus,
472 4210 637 4262 adventatibus
654 4209 797 4260 lavationem
815 4210 842 4258 in
860 4214 996 4276 perpetuom
1017 4210 1045 4258 de
1063 4226 1105 4258 sua
1122 4209 1221 4276 pecunia
1238 4206 1362 4258 dant.”-
