3226 4998
210 1693 359 1779 Opusculo
393 1717 457 1757 meo
481 1695 632 1770 adfinem
652 1695 799 1778 perducto
822 1693 1000 1775 facultatem
1021 1693 1097 1757 mihi
1119 1694 1254 1758 oblatam
1277 1717 1337 1758 esse

159 1810 287 1893 achileo,
322 1819 356 1870 ut
390 1830 426 1870 ea·
459 1809 561 1871 auimo
595 1807 676 1871 aobis
706 1808 825 1891 arzilias
848 1831 949 1892 auam,
974 1809 1033 1880 oiri
1055 1809 1227 1883 clarissimi,
1252 1806 1336 1871 Aca·

160 1921 276 1984 decuriae
310 1920 439 1984 Liberae
473 1921 674 2000 Reformatae
707 1921 909 1999 Professores,
946 1945 1075 2006 quorum
1105 1944 1172 1984 cum
1199 1921 1336 1986 doctriua

162 2046 225 2096 iam
259 2034 457 2097 benevolentia
491 2045 581 2118 atque
614 2034 802 2096 humanitate
839 2046 900 2098 tam
935 2037 988 2097 diu
1021 2035 1091 2118 frui
1121 2034 1199 2098 mihi
1220 2018 1335 2096 licebat.

160 2146 286 2230 Semper
309 2149 412 2210 auimo
435 2167 500 2211 mco
518 2153 643 2231 penitus
666 2147 833 2210 inhaerebit
847 2148 1166 2211 iucuadhsiutooestri
1179 2148 1334 2212 memoria.
1385 2205 1393 2222 ,

161 2261 328 2344 Praecipue
356 2272 457 2322 autem
488 2284 548 2344 pro
571 2261 734 2345 impertitis
760 2261 834 2322 mihi
854 2263 1023 2345 praeceptis
1045 2261 1211 2348 scholisque
1234 2261 1334 2344 eupli-

162 2377 235 2435 catis
266 2386 390 2457 uratum
425 2375 561 2436 animum
589 2375 644 2436 tibi
669 2376 828 2458 profiteor,
853 2375 1016 2438 clarissime
1043 2373 1210 2450 Woustffls¹
1236 2374 1332 2438 hoho·

163 2487 314 2549 ratissimo
351 2489 454 2552 doctor
488 2499 517 2550 et
546 2488 733 2572 promotor!
790 2488 831 2550 Iu
866 2488 919 2552 hoc
953 2488 1095 2572 opusculo
1129 2489 1334 2572 componendo

164 2599 275 2661 mirum
299 2595 449 2685 quantum
471 2601 612 2664 utilitatis
635 2601 711 2664 mihi
728 2602 937 2685 praebuerunt
959 2613 988 2664 et
1011 2603 1128 2665 monita
1152 2613 1214 2682 tua,
1228 2602 1336 2680 quibus

164 2735 210 2774 me
246 2714 391 2777 adiuvare
424 2737 541 2798 semper
572 2738 639 2778 eras
662 2726 805 2799 paratus,
830 2727 859 2778 et
878 2716 1032 2799 pretiosae
1055 2716 1244 2780 bibliothecae
1268 2727 1337 2779 tuae

164 2849 233 2888 usus
266 2825 407 2890 liberalis.
459 2827 491 2890 U
492 2829 585 2891 tiuam
623 2829 717 2903 Deus,
755 2829 907 2893 Dominus
940 2841 1050 2905 hoster,
1087 2831 1236 2912 beneficiis
1273 2831 1336 2892 suis

162 2940 291 3002 «cumulet
325 2941 460 3004 omnium
494 2953 625 3004 oestrum
653 2943 849 3026 aravissimos
873 2943 997 3019 labores,
1023 2966 1097 3028 quos
1126 2945 1334 3020 Uuioersitati‚

161 3051 299 3129 Litteris,
324 3053 455 3118 Patriae
473 3055 604 3138 profore
627 3057 718 3117 etiam
742 3068 831 3134 atque
853 3057 948 3119 etiam
970 3079 1067 3140 spero.

205 3167 315 3230 Restat
349 3179 383 3229 ui
416 3169 525 3230 diserte
543 3169 651 3246 paucis
672 3170 790 3252 qratias
814 3192 904 3252 aqam
928 3171 1019 3233 etiam
1040 3170 1204 3253 praefectis
1227 3169 1335 3234 biblio·

163 3281 317 3343 thecarum
352 3282 543 3357 nostratium,
583 3282 764 3345 nominatim
798 3304 866 3345 vero
893 3283 1080 3346 academicae
1109 3283 1333 3363 Ultraieatiuae‚

160 3395 228 3458 viro
264 3396 433 3459 doctissimo
467 3415 530 3457 vsu
565 3392 729 3471 Sosium,
766 3397 819 3480 qui
844 3395 920 3458 mihi
942 3397 1063 3459 aditum
1087 3399 1130 3460 ad
1153 3397 1336 3477 thesaurum,

161 3509 244 3570 auius
280 3509 526 3592 diliamtissimus
559 3520 656 3572 custos
679 3521 733 3584 est,
756 3509 801 3572 vel
822 3511 861 3572 iis
884 3508 966 3573 horis
987 3511 1160 3596 patefacere
1182 3533 1243 3574 hou
1264 3533 1336 3596 yra-

161 3632 250 3685 vatus
274 3630 323 3696 est,
348 3622 456 3706 quibus
479 3621 594 3707 alioqui
617 3623 736 3686 clausus
759 3645 818 3686 esse
840 3623 923 3687 solet.
