3296 5008
761 453 828 556 aar

205 671 320 734 strare.
357 665 391 754 ¹)
439 666 525 747 Quis
558 667 652 734 enim
689 705 733 716 —
766 671 806 733 ut
839 666 904 734 hoc
939 687 1050 733 unum
1084 666 1198 735 dicam
1232 704 1276 716 -
1306 665 1377 734 non

205 781 365 868 perspicit
387 781 574 865 gratuitam
597 780 800 847 balnearum
823 786 1026 867 potestatem
1049 779 1268 868 aliquantum
1280 779 1374 846 adiu·

205 915 300 962 vasso
335 894 378 959 ad
413 915 633 961 communem
668 893 841 961 salutem?
876 893 902 979 l)
949 894 1034 973 Quis
1068 917 1138 960 non
1165 893 1376 980 intellegite

205 1008 384 1089 veteranis,
420 1008 447 1073 si
482 1014 631 1094 egerent,
669 1013 799 1094 quanta
821 1007 972 1094 pericula
994 1009 1215 1075 imminerent
1239 1008 1288 1074 rei
1312 1029 1374 1094 pu·

205 1121 341 1188 blicue?
386 1121 527 1188 Plebem
562 1121 605 1187 ad
640 1121 894 1188 humanitatem
927 1121 1111 1188 informare
1149 1121 1294 1209 pulchra
1316 1121 1376 1187 illa

206 1236 373 1323 quidem,
393 1241 428 1302 at
463 1236 584 1302 eadem
619 1242 819 1322 sumptuosa
846 1257 898 1301 res
922 1241 981 1300 est.
1028 1235 1150 1302 Nonne
1174 1235 1279 1320 igitur
1301 1234 1374 1300 lau·

205 1349 309 1416 dandi
348 1355 428 1414 sunt
460 1349 683 1437 imperatores
719 1348 781 1430 illi,
817 1349 877 1436 qui
912 1347 1133 1435 philosophis,
1172 1348 1374 1430 rhetoribus

205 1463 439 1548 grammaticis
472 1463 708 1529 immunitates
738 1461 971 1544 concedentes,
996 1462 1040 1527 ad
1063 1468 1135 1528 tam
1159 1462 1281 1529 utilem
1303 1484 1377 1529 rem

205 1599 239 1643 se
274 1576 523 1664 profitebantur
552 1577 752 1643 adiutores?
797 1576 989 1642 Rhetorum
1013 1581 1048 1642 et
1070 1577 1375 1662 grammaticorum

205 1712 285 1757 sane
320 1691 388 1756 fere
423 1691 613 1757 admodum
648 1691 771 1756 misera
805 1696 877 1756 crat
912 1690 1059 1756 fortuna.
1095 1689 1123 1776 ³)
1167 1690 1208 1755 Id
1233 1669 1374 1778 quidem

205 1804 408 1889 indignum!
457 1804 638 1892 Optimum
673 1810 799 1884 tamen,
837 1803 929 1890 quod
952 1825 1005 1870 res
1028 1803 1245 1870 scholasticas
1265 1803 1375 1891 publi·
1462 1818 1464 1822 ·

205 1939 285 1984 oum
319 1918 498 2002 negotium
532 1940 601 1984 non
635 1939 705 1984 esse
736 1916 962 2004 aliquamdiu,
986 1917 1093 2002 immo
1117 1918 1237 2004 utique
1263 1939 1371 2005 usque

129 2057 133 2064 ·
205 2032 248 2097 ad
282 2033 473 2098 secundum
506 2054 539 2118 p.
564 2031 644 2098 Ohr.
669 2054 702 2098 11.
727 2031 913 2112 saeculum,
936 2030 1138 2097 iudicabant
1162 2031 1322 2098 Romani.
1347 2032 1374 2116 ⁴)

205 2145 305 2224 Quod
340 2152 456 2211 autem
491 2145 534 2210 ad
571 2145 785 2211 medicorum
818 2144 1053 2210 immunitates
1087 2145 1286 2225 attinctus
1312 2146 1374 2212 has

204 2258 345 2345 quidem
367 2259 459 2324 leves
483 2257 627 2337 habebo,
653 2280 870 2345 quamquam
893 2258 980 2323 mihi
1004 2258 1145 2346 quidem
1169 2280 1240 2325 non
1256 2259 1372 2326 minus

204 2393 308 2456 grave
344 2373 480 2440 videtur
503 2379 582 2438 ante
606 2373 758 2438 edictum
782 2371 1017 2440 Valentiniani
1040 2372 1123 2437 anni
1145 2373 1209 2438 368
1234 2395 1266 2460 p.
1292 2373 1372 2441 Chr.

204 2507 238 2552 n.
263 2484 286 2568 ⁶)
331 2486 462 2553 Romae
490 2492 579 2553 certe
604 2485 742 2552 nullum
765 2486 949 2571 vestigium
972 2507 1135 2573 apparere
1149 2486 1372 2571 medicorum,

238 2731 258 2791 ¹)
292 2730 399 2782 Plurima
416 2747 458 2780 sus
474 2735 556 2796 sponte
572 2730 753 2794 intelleguntur.
770 2731 900 2792 (hudornm
918 2730 1050 2795 voluptates
1068 2730 1180 2779 uonuihil
1198 2729 1276 2779 velere
1293 2732 1323 2781 ad
1332 2732 1373 2780 do·

204 2814 311 2863 mastices
328 2814 500 2864 sollicitudines
519 2831 643 2879 parumper
660 2814 819 2863 discutiendus
836 2814 884 2862 iem
901 2814 984 2863 monui
1002 2829 1047 2878 pag
1064 2813 1130 2875 198.)

237 2898 256 2957 ²)
290 2897 374 2946 Nescio
391 2901 469 2946 temen
487 2914 517 2948 un
535 2898 591 2946 haec
603 2897 732 2946 liberalitas
745 2897 845 2962 privatis
856 2897 949 2962 saepius
961 2913 1031 2962 quam
1045 2896 1182 2948 Caesaribus
1192 2897 1320 2947 deberetur.
1336 2897 1373 2948 cf.

203 2981 277 3045 partis
294 2981 375 3030 tertiae
392 2981 470 3046 Caput
486 2980 519 3029 II.

235 3062 256 3124 ³)
289 3063 324 3112 De
349 3064 468 3113 rhetorum
494 3068 518 3113 et
542 3065 749 3128 grammaticorum
775 3064 859 3128 iniqua
884 3063 1016 3127 miseraque
1041 3062 1178 3112 condicione
1204 3063 1267 3128 leges
1283 3063 1372 3113 Friedl.

203 3164 224 3196 o.
250 3146 268 3195 1.
294 3146 318 3195 1⁶
343 3163 395 3211 pag.
421 3147 469 3198 315
492 3164 556 3212 seqq.
583 3152 605 3196 et
631 3149 764 3196 moleretur
789 3146 910 3195 Iuvenalis
928 3146 1060 3210 praeclarus
1077 3146 1120 3194 ille
1137 3146 1203 3195 locus
1220 3163 1301 3195 eorum
1318 3163 1373 3195 oum

203 3231 305 3279 laborem
330 3231 438 3279 omnium
466 3231 662 3280 molestissimum
686 3236 736 3280 turn
754 3230 896 3279 vilissimam
916 3230 1045 3278 mercedem
1063 3230 1150 3294 optime
1167 3230 1292 3279 illustrans
1309 3231 1372 3292 (Iuv.

203 3314 290 3371 7,150
308 3317 388 3377 sequ).
405 3315 485 3375 (Ouid.
504 3315 566 3362 Fast.
584 3315 629 3372 111,
648 3315 713 3362 829:
733 3313 797 3377 ,Nec
816 3330 864 3370 vos,
882 3313 952 3362 turbs
971 3313 1218 3370 lerecensufrsudats,
1229 3314 1371 3377 magistri.'’)

236 3398 255 3454 ⁴)
289 3395 373 3444 Prien
402 3397 418 3444 1.
437 3396 453 3444 l.
481 3413 532 3460 pag.
551 3397 615 3444 315:
636 3397 698 3460 „Der
715 3396 855 3444 Uuterricht
871 3397 951 3445 wrrrde
967 3396 1001 3444 im
1019 3396 1113 3459 Autang
1130 3396 1170 3445 der
1188 3396 1316 3445 Kaiserzeit
1332 3413 1373 3460 gar

202 3478 276 3537 nieht,
293 3478 327 3526 im
346 3479 368 3527 2.
394 3479 555 3528 Jahrhuudert
574 3497 618 3528 nur
635 3481 660 3528 iu
679 3480 733 3528 sehr
751 3479 927 3528 beschritulrtem
945 3480 1061 3542 Umsunge
1078 3479 1114 3528 als
1131 3479 1314 3543 Augelegeuheit
1332 3481 1372 3528 des

202 3561 290 3610 Stautes
312 3561 439 3611 betrschtet
465 3563 514 3611 und
531 3563 592 3611 auoh
608 3563 644 3612 als
661 3562 981 3626 Communelangelegenheit
997 3562 1043 3611 wol
1060 3566 1108 3611 erst
1124 3562 1151 3612 in
1168 3563 1244 3611 dieser
1260 3563 1311 3611 Zeit
1327 3562 1372 3611 ull-

201 3645 294 3708 gemeiu
311 3645 466 3694 auerkuuut.'’

237 3727 255 3789 ⁸)
289 3728 324 3776 De
341 3745 403 3778 auno
420 3729 491 3779 huius
508 3729 578 3778 edicti
596 3730 625 3778 cf.
644 3729 721 3794 Marq.
739 3728 851 3778 Privatl.²
868 3745 919 3794 pag.
938 3730 986 3782 778
1001 3729 1054 3778 edu.
1073 3730 1096 3778 2.
1132 3729 1210 3777 Edisti
1229 3728 1298 3778 verbu
1315 3729 1371 3778 baso

203 3815 259 3860 sunt
284 3812 351 3873 (eod.
377 3813 464 3862 Theod.
492 3813 560 3871 XIlI,
578 3813 601 3872 1,
619 3813 659 3871 8l:
681 3813 805 3877 „Exceptis
824 3812 927 3876 porticus
946 3813 1014 3877 Xysti
1033 3813 1201 3876 virginumque
1218 3812 1371 3871 Verstalium,

202 3898 259 3958 quot
283 3895 389 3959 regiones
415 3897 480 3944 urbis
506 3901 569 3954 suut,
595 3897 692 3944 totidem
710 3896 884 3944 constituantur
901 3896 1018 3944 archiatri.
1054 3895 1103 3960 Qui
1120 3895 1226 3952 scientes,
1243 3897 1372 3945 annonaria

202 3977 249 4025 sibi
275 3979 396 4028 commode
420 3996 435 4028 a
459 3979 541 4044 populi
568 3979 697 4028 commodis
727 3979 866 4037 ministrari,
885 3979 981 4027 honeste
998 3978 1094 4042 obsequi
1111 3978 1260 4027 tenuioribus
1278 3979 1372 4037 malint,

201 4077 272 4124 quam
297 4063 397 4127 turpiter
421 4078 513 4112 servare
529 4062 652 4112 divitibus.
678 4066 695 4123 t.
721 4063 743 4110 l.
778 4061 844 4126 Quos
860 4061 931 4110 etiarn
949 4077 975 4110 ea
993 4062 1098 4125 patimur
1113 4062 1223 4126 accipere,
1245 4079 1304 4126 quae
1320 4064 1371 4112 seui

201 4145 303 4193 offerunt
326 4161 369 4210 pro
386 4146 515 4212 obsequiis,
532 4162 580 4194 nou
597 4162 630 4204 es,
648 4162 707 4210 quae
725 4145 885 4210 periclitantes
903 4160 946 4209 pro
963 4143 1040 4193 salute
1057 4144 1224 4209 promittuut.''
1251 4146 1372 4209 (Porticus

201 4226 274 4290 Xysts'
298 4232 333 4278 est
358 4215 490 4280 coniectura
510 4229 655 4279 Gotholredi.
690 4228 756 4278 Libri
775 4245 847 4278 mss:
862 4231 948 4293 portus
964 4227 1038 4293 Syrtis]
1075 4227 1222 4280 Vocabulum
1239 4229 1372 4281 ministrari
