3226 4998
718 484 759 549 25

75 677 78 685 “
151 662 328 730 vendendi
363 669 505 748 quaestu
540 668 573 728 et
606 663 700 729 lucro
735 683 804 728 esse
840 662 968 726 ductos
1014 658 1164 724 Romam
1199 651 1321 718 urbem

152 777 348 862 emporium
374 773 398 863 ¹)
421 775 571 862 appellat
594 777 774 861 regionum
797 775 1018 853 Latinarum3
1045 775 1237 858 opportuno
1247 766 1321 833 loco

152 911 232 955 eam
266 889 366 956 sitam
394 890 495 955 fuisse
532 890 707 956 contendit
730 897 764 956 et
787 889 970 975 respiciens
993 885 1161 952 rationem
1184 881 1266 948 belli
1289 888 1323 946 et

154 1003 200 1068 ad
233 1009 461 1068 mercaturam
487 1003 690 1081 faciendam,
716 1004 808 1091 quod
830 1005 945 1089 ipsum
967 1000 1061 1065 haud
1085 1018 1232 1085 parvum
1248 1016 1318 1061 mo·

157 1122 320 1182 mentum
343 1117 470 1198 fecerit,
495 1124 534 1182 ut
556 1123 673 1203 postea
696 1117 740 1182 ad
762 1123 895 1182 tantam
910 1119 1113 1202 potestatem
1129 1110 1263 1177 venerit
1284 1108 1320 1195 Β).

156 1230 322 1296 Attamen
356 1231 455 1296 valde
480 1237 569 1296 erret
590 1231 619 1296 is
643 1231 703 1318 qui
727 1237 824 1318 putet
847 1229 940 1316 apud
962 1228 1137 1292 Romanos
1160 1245 1243 1289 arva
1266 1245 1322 1288 ne·

155 1345 267 1430 glecta
302 1345 413 1410 fuisse.
448 1344 547 1410 Idem
581 1345 775 1410 Mommsen
798 1343 824 1431 3)
847 1349 964 1412 monet
987 1341 1136 1406 Romam
1159 1337 1321 1402 mansisse

155 1457 278 1523 urbem
311 1459 481 1540 Latinam,
517 1465 551 1524 et
575 1459 640 1524 hoc
662 1459 763 1524 fuisse
788 1458 966 1545 proprium
989 1455 1192 1521 Latinorum
1215 1451 1323 1516 omni-

154 1593 284 1659 umque
306 1571 482 1654 Italorum,
498 1573 590 1660 quod
606 1573 740 1638 rusticis
752 1572 852 1638 rebus
865 1577 975 1638 essent
987 1568 1102 1636 dediti.
1138 1565 1323 1632 Notissima

153 1707 206 1751 res
230 1691 279 1750 est
303 1693 431 1772 quanto
454 1687 492 1751 in
515 1687 643 1753 honore
667 1687 760 1773 apud
783 1668 957 1779 Romanos
980 1683 1083 1748 fuerit
1094 1681 1167 1766 agri
1178 1679 1322 1745 cultura.

152 1799 241 1864 Eam
275 1822 319 1864 ex
344 1801 582 1866 vetustissimis
604 1801 770 1866 institutis
793 1799 911 1866 ceteris
935 1795 1132 1885 quaestibus
1155 1793 1332 1881 praefero·-

151 1912 236 1977 bant
259 1912 294 2000 ⁴).
341 1914 423 1980 Ideo
446 1915 484 1979 in
507 1937 547 1980 ea
559 1915 721 1980 laudibus
734 1913 907 1980 efferenda
919 1933 999 1978 cum
1011 1910 1119 1996 poetis
1130 1907 1284 1993 Vergilio
1300 1908 1323 1994 ⁵)
1369 1913 1371 1917 ’

154 2017 367 2104 Horatioque
388 2017 413 2104 6)
435 2026 607 2085 certarunt
629 2019 774 2084 rusticae
796 2018 842 2084 rei
872 2017 1059 2103 scriptores,
1083 2015 1175 2094 (lato,
1202 2015 1322 2094 Varro,

155 2130 353 2214 Columella,
390 2132 522 2198 Plinius
557 2133 582 2219 ⁷)
617 2139 679 2199 etc.
726 2133 838 2198 Immo
874 2130 933 2195 diu
968 2150 1038 2195 non
1061 2128 1127 2193 nisi
1149 2128 1214 2193 hoc
1237 2127 1324 2192 litte·

159 2296 351 2308 -n-——n-

193 2385 237 2445 1)1
263 2385 279 2434 l,
298 2403 349 2450 pag.
367 2387 407 2435 43.
426 2387 461 2434 cf.
480 2387 550 2436 etism
568 2387 645 2450 Mnrq.
664 2384 777 2434 Privatl.²
794 2401 845 2448 peg.
864 2384 1028 2448 402seq.,qni
1039 2379 1325 2446 hecdicit:„Abernuoh

156 2467 198 2514 der
223 2469 288 2517 Lund
306 2470 355 2518 und
380 2469 507 2519 Seehandel
533 2471 582 2517 und
608 2470 646 2517 die
671 2469 717 2516 mit
734 2469 787 2517 dem
804 2467 915 2516 letzteren
933 2465 1084 2536 rerbpndene
1101 2463 1216 2514 Rhederei
1233 2462 1326 2511 scheiut

157 2565 203 2596 von
220 2551 265 2598 den
282 2551 385 2600 Rdmern
403 2552 428 2600 in
448 2552 494 2601 viel
512 2553 624 2601 hdherem
643 2552 719 2600 Grnde
739 2551 857 2599 betrieben
875 2549 969 2598 worden
987 2565 1016 2596 zu
1034 2547 1091 2604 sein,
1110 2547 1145 2595 als
1163 2563 1218 2594 man
1235 2546 1273 2594 hei
1283 2545 1324 2594 der

162 2633 215 2680 sehr
239 2634 442 2682 unznreiehenden
467 2634 663 2698 Ueherlielerung
689 2633 837 2698 gewhhnlich
862 2632 1024 2680 anzunehmeu
1049 2630 1143 2694 geneigt
1160 2629 1192 2678 ist
1259 2666 1265 2677 .
1285 2666 1290 2676 .
1309 2628 1323 2648 ''

190 2715 211 2774 ²)
222 2717 277 2764 Sine
287 2717 358 2764 dnbio
368 2718 394 2765 in
403 2718 483 2766 animo
492 2718 513 2765 ei
523 2718 570 2766 fnit
578 2717 618 2766 hic
627 2717 692 2765 locus
701 2733 728 2764 ex
737 2717 789 2764 Liv.
800 2717 836 2778 (V,
848 2717 886 2774 54,
896 2718 934 2774 4):
946 2715 1015 2778 „Non
1024 2713 1075 2761 sine
1084 2729 1153 2761 censa
1162 2713 1195 2761 dii
1205 2711 1324 2760 homines·

160 2815 205 2862 que
226 2799 290 2847 hune
308 2799 361 2848 urbi
380 2801 511 2848 condendae
527 2799 606 2848 locum
624 2799 750 2864 elegerunt,
768 2798 936 2847 saluberrimos
953 2796 1031 2853 eolles,
1050 2797 1139 2844 flumen
1156 2799 1324 2860 opportunum,

166 2898 212 2944 quo
232 2899 259 2930 ex
276 2883 454 2930 mediterraneis
470 2883 529 2931 loeis
546 2885 624 2947 fruges
641 2883 793 2939 devehantur,
812 2899 858 2946 qno
876 2880 992 2929 maritimi
1010 2882 1152 2928 commeatus
1169 2878 1324 2942 accipiantur,

157 2979 220 3010 mare
236 2964 344 3012 vicinum
361 2965 390 3012 ad
408 2967 584 3014 commoditates
601 2983 642 3014 nec
659 2966 791 3028 expositum
809 2965 885 3012 nimia
902 2963 1080 3028 propinquitate
1097 2962 1126 3011 ad
1143 2961 1249 3026 pericula
1266 2960 1326 3009 clas-

128 3021 140 3044 *
159 3045 221 3093 sium
238 3049 394 3103 externarum,
413 3047 532 3111 regionem
549 3047 634 3096 Italiae
651 3048 760 3096 inediam.
779 3048 806 3094 nd
825 3048 997 3095 incrementum
1016 3046 1082 3094 urbis
1100 3049 1182 3094 natum
1201 3045 1270 3092 unice
1290 3044 1324 3092 lo-

159 3128 237 3176 enm.''
270 3131 302 3177 ut
318 3129 358 3177 hic
376 3129 441 3178 locus
458 3147 485 3178 ex
503 3130 553 3179 Cic.
571 3132 616 3190 [De
632 3131 666 3178 Re
684 3130 749 3194 publ.
768 3133 800 3188 ll,
819 3133 841 3188 5,
860 3131 915 3180 lo:
938 3130 1020 3194 „Quod
1029 3129 1112 3178 urbem
1121 3128 1240 3192 peremnis
1249 3127 1325 3175 amnis

159 3215 182 3258 et
209 3211 341 3275 aequabilis
366 3215 389 3260 et
414 3213 440 3260 iu
457 3229 521 3261 mare
538 3212 585 3261 late
601 3213 724 3260 influentis
742 3212 821 3276 posuit
838 3211 973 3273 (Romulus)
991 3212 1015 3258 in
1035 3212 1094 3274 ripa,
1112 3227 1158 3274 qno
1175 3213 1253 3273 posset
1270 3209 1325 3258 urbs

158 3297 180 3342 et
197 3294 301 3357 accipere
318 3311 345 3342 ex
363 3295 431 3352 mari,
448 3311 495 3358 qno
512 3299 595 3358 egeret,
613 3298 635 3343 et
653 3295 753 3352 reddere,
771 3311 817 3358 qno
835 3295 988 3343 redundaret:
1006 3295 1169 3358 eodemqueut
1182 3293 1280 3341 flumine
1290 3310 1326 3341 res

164 3378 191 3425 nd
209 3377 299 3424 vietum
315 3376 454 3440 cultumque
471 3378 572 3426 maxime
589 3377 729 3426 necessarias
746 3393 793 3425 non
811 3376 889 3425 solum
906 3377 992 3437 mnri†
1009 3376 1148 3434 absorberet,
1158 3376 1325 3424 sedetiamin-

159 3463 235 3508 vectas
259 3459 374 3524 acciperet
396 3476 423 3508 ex
440 3463 518 3508 terra:
536 3464 564 3508 ut
580 3459 641 3508 mihi
658 3460 706 3508 ianr
723 3463 775 3508 tum
793 3460 911 3508 divinasse
928 3459 970 3508 ille
987 3460 1096 3508 videatur
1110 3459 1174 3526 *hane
1191 3459 1273 3508 urbem
1291 3476 1325 3508 sc·

158 3544 209 3593 dem
234 3541 361 3606 aliquando
383 3546 406 3591 et
420 3543 517 3591 domurn
536 3559 629 3591 summo
646 3559 695 3591 esse
712 3543 812 3606 imperio
829 3543 1007 3607 praebiturum:
1026 3559 1081 3592 nani
1098 3543 1159 3592 hane
1177 3559 1257 3590 rernm
1274 3547 1336 3594 nn.

157 3631 206 3675 tam
223 3626 353 3690 potentium
370 3642 418 3673 non
435 3627 508 3674 ferme
526 3625 620 3674 facilius
637 3625 684 3674 alia
700 3627 726 3674 in
744 3630 809 3690 parte
825 3627 909 3677 Italiae
925 3628 1001 3692 posita
1018 3626 1074 3675 urbs
1091 3629 1169 3674 tenere
1186 3625 1325 3690 potuisset?

189 3707 210 3768 3)
235 3708 252 3756 l.
270 3707 288 3756 1.

188 3790 207 3849 ⁴)
233 3789 283 3839 Cic.
301 3791 338 3839 De
355 3791 403 3839 off.
421 3791 441 3848 I,
459 3791 500 3848 42,
520 3791 584 3838 1512
609 3791 741 3855 „Omnium
759 3794 837 3840 nutem
854 3807 941 3850 rerum,
959 3807 987 3840 ex
1005 3791 1093 3855 quibus
1109 3790 1202 3854 aliquid
1218 3791 1325 3854 adquiri-

158 3875 203 3928 tur,
220 3871 284 3920 nihil
301 3875 335 3920 est
352 3873 402 3936 agri
419 3871 513 3921 culture
529 3872 623 3932 melius,
639 3872 702 3922 nihil
719 3873 823 3931 uberius,
841 3873 905 3922 nihil
922 3873 1024 3932 dulcius,
1041 3873 1104 3922 nihil
1121 3873 1218 3924 homine
1238 3873 1323 3939 [nihil]

158 3953 231 4001 libero
248 3953 368 4017 dignius.'’

192 4035 212 4095 ὅ)
230 4035 312 4099 Georg.
330 4036 382 4085 Lib.
402 4037 426 4084 ll
444 4039 502 4086 extr.

192 4117 211 4174 ⁰)
236 4117 311 4181 Epod.
330 4118 353 4166 2.

193 4197 213 4259 ⁷)
238 4200 295 4248 Cato
321 4200 357 4248 De
378 4201 432 4264 ‚tgri
452 4199 518 4259 cult,
537 4203 606 4265 praef,
626 4203 648 4262 2,
667 4203 697 4250 3:
717 4204 764 4268 ,nt
781 4203 861 4252 virum
878 4203 967 4254 bonum
984 4221 1056 4270 quoru
1073 4204 1199 4256 laudabunt
1216 4205 1325 4268 (maiores
