3274 4998
820 442 885 508 162

265 639 326 687 coc.
340 617 365 706 ¹)
387 619 482 686 Inter
504 619 594 686 hano
605 619 823 705 largitionem
835 624 869 686 et
880 619 1039 706 antiquas
1050 619 1334 686 frumentationes
1345 619 1438 686 simi·

265 731 374 798 litudo
397 738 492 798 tanta
515 740 573 815 est,
599 740 637 799 ut
662 756 683 799 a
706 732 915 800 Gothofredo
939 740 1102 821 perpetuo
1118 733 1283 800 confundi
1295 733 1436 800 videan-

265 851 331 911 tur.
355 846 434 912 Non
457 867 553 913 secus
565 853 668 934 atque
678 847 713 912 in
728 846 1051 913 frumentationibus
1062 846 1154 912 illius
1164 847 1264 933 panis
1275 846 1437 913 distribu-

266 959 346 1026 endi
368 959 478 1044 gratia
501 960 677 1046 „figendus
700 959 798 1048 (erat)
821 981 956 1042 aeneus
982 959 1020 1025 in
1037 981 1140 1046 quem
1154 959 1299 1046 etpanis
1313 959 1437 1027 modus

265 1079 300 1140 et
321 1073 539 1160 percipientis
562 1095 689 1140 nornen
712 1073 884 1162 debeb(a)t
905 1074 1042 1140 incidi.''
1068 1073 1094 1158 ⁹)
1118 1074 1167 1140 Ut
1179 1073 1304 1140 Caesar
1318 1074 1435 1152 „iusti-

265 1186 341 1263 ruit,
369 1192 453 1272 quot
474 1187 574 1252 annis
595 1187 632 1252 in
656 1187 914 1253 demortuorum
937 1186 1052 1253 locum
1074 1209 1118 1253 ex
1140 1187 1192 1268 iis,
1218 1187 1279 1274 qui
1304 1185 1436 1254 recensi

265 1321 337 1365 non
371 1306 492 1381 esseut,
524 1299 720 1366 subsortitio
753 1307 951 1387 apraetore
976 1301 1103 1382 fieret‚''
1127 1291 1154 1389 ⁸)
1177 1301 1225 1366 ita
1248 1301 1284 1366 in
1309 1301 1433 1368 Codice

264 1413 502 1480 Theodosiana
524 1412 691 1499 legimus:
720 1413 774 1494 „si
802 1414 943 1501 quidem
966 1414 1095 1479 iustum
1119 1421 1178 1496 est,
1203 1420 1242 1480 ut
1263 1415 1435 1501 inperpe-

265 1531 366 1591 tuum
389 1547 491 1592 suum
515 1527 659 1614 quisque
684 1527 845 1608 detineat,
866 1534 899 1594 ct
922 1549 982 1614 per
1002 1527 1229 1594 succedaneas
1248 1528 1339 1594 vices
1359 1549 1435 1614 pro-

266 1639 361 1727 prius
391 1640 473 1706 ordo
498 1642 642 1706 teneat.''
668 1641 694 1727 ⁴)
740 1641 811 1707 Nec
836 1641 971 1707 fraudes
994 1641 1050 1707 hio
1073 1641 1224 1708 deerant.
1270 1641 1436 1726 Legimus

266 1753 385 1820 enim:
412 1755 476 1834 „Et
497 1755 525 1820 si
545 1755 589 1820 ad
612 1760 749 1820 tantum
772 1755 917 1821 alicuius
939 1755 1112 1821 temeritas
1135 1755 1294 1842 eruperit,
1320 1761 1358 1819 ut
1375 1760 1436 1819 aut

266 1888 327 1954 per
360 1889 394 1933 se
429 1874 489 1933 aut
519 1889 579 1954 per
613 1867 765 1956 aliquem
799 1889 939 1934 suorum
973 1867 1038 1934 sibi
1069 1867 1222 1956 quolibet
1256 1867 1357 1934 modo
1381 1868 1436 1934 ius

266 1980 365 2068 panis
398 1981 495 2046 istius
528 1987 631 2069 etque
665 2003 783 2048 aereae
818 1981 954 2048 tabulae
988 2003 1091 2048 suum
1124 1981 1272 2049 voluerit
1306 2002 1435 2048 nomen

266 2093 423 2176 inserere,
458 2115 561 2181 supra
595 2095 694 2161 dictis
716 2095 973 2162 condicionibus
996 2095 1214 2162 subiacebit.''
1240 2095 1264 2181 ⁸)
1311 2095 1434 2182 Itaque

266 2208 379 2274 nescio
403 2230 447 2274 an
471 2209 697 2295 posteriorum
720 2215 914 2296 temporum
937 2209 1219 2275 frumentationes
1242 2207 1359 2295 aliqua
1382 2229 1435 2274 ra·

267 2322 358 2387 tione
376 2336 438 2388 'ex
472 2322 618 2388 annonis
651 2323 767 2389 civicis
797 2329 831 2388 et
854 2345 942 2409 pane
961 2322 1084 2407 gradili
1096 2321 1312 2408 interpretari
1323 2321 1434 2388 liceat.

267 2421 332 2500 Vel
356 2435 478 2521 potius,
503 2457 583 2501 cum
606 2436 675 2502 iam
700 2435 933 2529 Aurelianum
950 2458 1055 2523 panes
1079 2435 1206 2522 populo
1224 2434 1435 2502 distribuisse

267 2547 432 2633 legamus,
467 2548 510 2615 ab
544 2549 602 2615 illo
638 2571 709 2616 rem
745 2556 953 2637 repetamus.
1006 2549 1174 2636 Vopiscus
1195 2549 1232 2613 in
1255 2547 1436 2614 Aureliani

268 2662 359 2730 vita:
398 2663 567 2744 „Coronas
601 2684 682 2728 eum
705 2663 821 2729 fecisse
845 2662 887 2728 de
908 2661 1064 2749 panibus,
1088 2663 1147 2749 qui
1173 2683 1264 2727 nuno
1288 2661 1436 2746 siliginei

268 2782 445 2858 uocantur,
477 2783 511 2843 et
544 2777 687 2862 singulis
714 2775 907 2864 quibusque
930 2775 1082 2857 donasse,
1107 2777 1155 2841 ita
1178 2781 1217 2841 ut
1239 2775 1434 2861 siligineum

268 2911 370 2956 suurn
405 2890 526 2956 cotidie
562 2896 632 2956 toto
667 2912 752 2956 aeuo
787 2912 847 2956 suo
879 2891 1115 2977 unusquisque
1148 2895 1182 2955 et
1211 2889 1381 2975 acciperet
1403 2897 1438 2956 et

268 3004 410 3091 posteris
441 3004 510 3069 suis
542 3003 759 3070 dimitteret.”
785 3003 811 3091 6)
857 3004 938 3070 Tale
970 3004 1052 3091 quid
1077 3002 1265 3070 absurdum
1287 3008 1383 3086 esset,
1409 3004 1437 3068 si

268 3139 339 3184 non
374 3118 439 3184 nisi
473 3124 610 3202 egentes
643 3117 824 3203 significati
859 3124 978 3184 essent.
1025 3117 1110 3197 Quis
1138 3115 1231 3182 enim
1259 3137 1321 3203 pro
1345 3122 1437 3183 certo

270 3231 461 3240 *—

269 3265 294 3314 di
311 3266 472 3330 appartenenti
488 3263 512 3314 al
529 3265 629 3330 collegio
646 3283 658 3314 e
673 3267 760 3330 quindi
778 3265 872 3330 godenti
886 3265 930 3314 cesi
941 3281 999 3329 pure
1008 3263 1046 3312 del
1055 3263 1169 3312 beneficio
1178 3266 1285 3311 concesso
1295 3263 1318 3312 ai
1326 3263 1437 3326 genitori,

269 3365 310 3414 per
326 3349 363 3397 eui
382 3349 578 3412 implicitamcnte
595 3350 614 3397 sl
632 3354 747 3412 paterano
764 3350 909 3398 considerare
926 3365 990 3396 come
1007 3351 1072 3411 parte
1088 3345 1127 3395 del
1144 3345 1243 3410 collegio
1260 3346 1357 3395 stesso.'’

305 3435 325 3492 ¹)
359 3432 407 3480 Hic
431 3432 499 3496 panis
524 3432 582 3496 quid
607 3433 678 3480 luerit
703 3433 816 3481 discimus
842 3449 869 3481 cx
897 3433 953 3480 cod.
980 3431 1067 3480 Theod.
1094 3429 1156 3488 XIV,
1180 3429 1220 3487 17,
1237 3430 1279 3493 qui
1298 3429 1438 3478 inscribitur

270 3515 306 3564 De
330 3515 432 3563 aaronis
457 3515 540 3564 atride
564 3518 586 3563 et
611 3531 677 3579 pane
689 3515 790 3579 pradili.
826 3513 1163 3569 (indumentorum,
1183 3512 1214 3560 25
1232 3513 1292 3576 (24).
1327 3512 1437 3561 Gradilia

269 3599 357 3649 dieitur
381 3613 395 3647 a
418 3598 529 3662 gradibus
552 3599 580 3647 de
605 3599 692 3662 quibus
721 3599 906 3648 ministrabatur.
940 3598 1057 3646 Annoaae
1081 3597 1169 3646 αἰνέσω
1193 3596 1341 3662 appellantur
1366 3596 1437 3645 etiam

269 3698 380 3732 annonae
405 3682 486 3731 ariter
511 3682 578 3744 (Ood.
604 3683 663 3730 Iust.
687 3682 704 3730 l.
721 3682 748 3742 1.)
766 3683 817 3731 sive
833 3697 942 3731 annonae
955 3681 1068 3746 publicae
1085 3681 1153 3743 (ibid.
1173 3680 1200 3738 l;
1219 3680 1276 3729 (lod.
1294 3679 1383 3728 Theod.
1401 3678 1437 3728 l.l.

271 3767 320 3827 18),
336 3767 394 3816 item
411 3765 552 3830 simpliciter
568 3781 677 3814 annonae
693 3765 761 3827 (ibid.
780 3765 811 3824 73
830 3766 861 3824 83
886 3765 933 3823 12;
952 3765 999 3822 13;
1019 3765 1067 3824 14).

303 3849 323 3911 ²)
357 3849 415 3898 (lod.
433 3849 520 3897 Theod.
543 3848 596 3898 l..l.
616 3850 638 3896 5.

303 3931 324 3993 ³)
357 3933 419 3980 Suet.
437 3931 542 3981 1u1.41.

305 4015 324 4073 ⁴)
358 4013 518 4062 coartat.
537 4013 630 4068 117.

306 4097 325 4157 ι)
358 4095 415 4144 Ood.
433 4095 520 4144 Theod.
538 4095 555 4146 l.
574 4095 591 4146 1.
610 4099 632 4146 5.

305 4179 325 4240 ⁶)
359 4177 451 4245 Vopiso.
469 4177 550 4238 Aprel.
568 4180 648 4239 35,1,
681 4180 719 4230 Gt.
737 4181 807 4230 etiam
825 4197 877 4248 pag.
896 4179 943 4228 135
961 4195 1015 4228 eum
1032 4179 1087 4228 adn.
1106 4179 1135 4229 t·
