3226 4998
830 489 874 557 74

271 662 492 747 naufragium
526 663 687 752 (misellas
721 667 881 754 reliquias
894 666 915 752 l)
946 687 1062 732 secum
1084 663 1198 730 trahit.
1245 662 1311 728 Sed
1335 662 1441 750 ipsius

272 775 437 843 Martialis
460 801 578 845 versus
601 780 887 846 transcribamus:

497 892 545 972 ,0
569 893 737 958 Iuliarum
761 894 907 959 dedecus
930 891 1177 972 Kalendarum,

494 1005 586 1087 Vidi,
610 1006 769 1088 Vacerra,
794 1008 943 1072 sarcinas
965 1012 1049 1087 tuas,
1074 1005 1167 1084 vidi;

495 1113 588 1199 Quas
611 1142 681 1186 non
705 1127 852 1186 retentas
875 1120 1037 1207 pensione
1061 1141 1122 1206 pro
1146 1118 1240 1184 bima
1287 1209 1288 1212 Ἴ

496 1233 658 1300 Portabat
680 1256 768 1300 uxor
791 1236 866 1299 rufa
889 1233 1040 1300 crinibus
1063 1239 1194 1319 septem

496 1347 541 1412 Et
563 1369 644 1413 cum
666 1369 777 1414 sorore
802 1369 887 1413 cana
909 1353 1019 1412 mater
1041 1346 1183 1432 ingenti.

495 1461 616 1526 Furias
639 1462 760 1547 putavi
785 1467 882 1547 nocte
907 1461 995 1526 Ditis
1008 1451 1175 1526 emersas,

496 1574 570 1639 Has
591 1580 629 1639 tu
653 1575 781 1661 priores
804 1575 928 1660 frigore
952 1581 985 1639 et
1009 1575 1098 1639 lame
1122 1574 1230 1639 siccus

495 1689 539 1754 Et
562 1709 631 1754 non
655 1689 782 1754 recenti
805 1689 953 1775 pallidus
976 1689 1085 1774 magis
1108 1687 1200 1753 buxo

494 1802 570 1868 Irus
593 1808 731 1868 tuorum
754 1809 950 1888 temporum
973 1801 1177 1888 sequebaris

494 1915 643 2000 Migrare
667 1915 797 1982 clivum
821 1917 973 1981 crederes
997 1915 1187 1980 Aricinum.

494 2028 573 2094 Ibat
596 2029 702 2116 tripes
724 2029 886 2114 grabatus
909 2036 941 2094 et
965 2029 1060 2114 bipes
1083 2048 1209 2106 mensa,

498 2142 542 2207 Et
564 2164 645 2207 cum
667 2142 808 2208 lucerna
831 2163 1021 2228 corneoque
1046 2147 1173 2206 cratere
1200 2138 1223 2226 ¹)

497 2255 637 2321 Matella
661 2263 757 2321 curto
781 2263 882 2342 rupta
904 2255 1008 2320 latere
1033 2253 1180 2320 meiebat
1192 2276 1199 2333 3

497 2369 587 2434 Foco
611 2370 736 2435 virenti
761 2369 897 2435 suberat
920 2369 1105 2454 amphorae
1130 2367 1266 2444 cervix3

497 2483 613 2549 Fuisse
638 2505 751 2568 gerres
777 2489 837 2548 aut
859 2482 997 2548 inutiles
1020 2501 1159 2546 maenas

499 2596 592 2662 Odor
614 2597 809 2683 impudicus
832 2597 925 2661 urcei
948 2594 1126 2674 fatebatur,

499 2709 645 2788 Qualem
664 2711 817 2774 marinae
843 2709 935 2773 misit
958 2730 1041 2773 aura
1062 2707 1221 2793 piscinae.

499 2822 570 2887 Nec
594 2823 723 2909 quadra
747 2823 862 2888 deerat
884 2823 971 2887 casei
994 2821 1168 2900 Tolosatis

499 2935 688 3013 Quadrima
711 2936 801 3020 nigri
823 2958 886 3000 nec
911 2957 1036 3001 corona
1060 2934 1152 3020 pulei

500 3048 692 3136 Calvaeque
716 3057 818 3114 restes
841 3049 975 3135 alioque
998 3049 1166 3133 cepisque,

501 3161 572 3228 Nec
596 3163 698 3249 plena
720 3164 813 3249 turpi
837 3163 955 3228 matris
978 3161 1045 3227 olla
1068 3161 1188 3240 resina,

501 3275 787 3342 Summoenianae
813 3299 881 3363 qua
903 3276 1055 3362 pilantur
1078 3295 1210 3339 uxores,

501 3389 593 3467 Quid
617 3391 750 3475 quaeris
773 3371 871 3455 aedes
894 3390 1079 3474 vilicosque
1101 3387 1242 3466 derides,

503 3500 668 3567 Habitare
689 3503 802 3586 gratia,
824 3525 843 3568 o
867 3504 1025 3582 Vacerra,
1049 3523 1129 3566 cum
1152 3499 1284 3586 possis?

505 3614 600 3678 Haec
624 3616 833 3680 sarcinarum
856 3638 982 3702 pompa
1005 3615 1166 3681 convenit
1187 3613 1314 3700 ponti.''

328 3726 382 3790 Ad
421 3726 580 3800 ultimam
614 3735 798 3812 egestatem
832 3730 997 3794 nimirum
1032 3729 1135 3794 etiam
1170 3726 1337 3792 referendi
1372 3733 1454 3789 sunt

284 3861 402 3904 versus
424 3841 481 3905 hi:
507 3840 533 3926 ²)

296 4016 486 4026 ———.

320 4139 337 4198 ¹)
363 4141 468 4188 Fortasse
485 4141 609 4204 legendum
627 4113 770 4207 „corumque
787 4144 899 4192 laterna”.
918 4144 954 4192 ef.
972 4143 1057 4192 llricdl.
1075 4144 1145 4192 adh.
1163 4144 1179 4190 l.

319 4223 337 4283 ²)
363 4225 399 4271 cf.
417 4225 488 4272 etiam
506 4225 568 4282 lllV,
587 4226 634 4281 81;
653 4227 704 4274 luv.
723 4227 765 4284 lX,
785 4229 831 4275 139
849 4244 912 4290 seqq.
