3296 5008
854 541 919 610 218

292 721 415 811 leeque
439 721 603 789 alimenta
618 723 797 810 accipiant,
811 721 957 808 legitimi
973 744 1007 787 n.
1021 720 1047 808 ¹)
1059 721 1213 790 OOXLV
1225 722 1261 792 in
1274 721 1427 808 singulos
1440 720 1467 808 ¹)

292 842 354 910 HS
365 843 453 911 XVI
464 865 510 922 n.,
522 841 549 929 ⁸)
561 843 584 910 l.
597 844 624 930 ⁴)
637 842 697 910 HS
705 831 910 912 mxu
933 865 967 909 n.
982 844 1017 929 ⁸),
1030 842 1205 930 legitimae
1218 864 1252 910 n.
1267 842 1293 930 ο)
1307 843 1465 910 XXXIV

293 965 380 1050 sing.
398 963 425 1052 ⁷)
438 964 498 1031 HS
521 965 638 1032 XHn.
652 964 679 1052 ⁸)
691 965 713 1032 f.
728 964 755 1052 ο)
773 965 833 1032 HS
852 952 1149 1066 I'Vncccxovl,
1184 965 1321 1052 spurius
1353 965 1372 1031 I
1406 962 1467 1030 HS

292 1086 436 1156 CXLIV
460 1085 511 1173 ¹⁰),
534 1087 650 1175 spuria
672 1087 691 1153 I
713 1086 774 1154 HS
797 1087 904 1154 CXX.
928 1085 1073 1154 Summa
1095 1085 1156 1153 HS
1175 1074 1311 1168 mcc,
1325 1106 1414 1172 quae
1427 1084 1467 1150 fit

292 1221 396 1267 usura
417 1203 534 1284 ζ-“-“
557 1198 597 1287 ¹¹)
621 1201 719 1266 sortis
743 1222 846 1288 supra
869 1198 1048 1267 scribtae.''

335 1313 494 1381 Notabile
528 1313 673 1397 videtur,
706 1314 798 1401 quod
832 1313 1041 1383 Veleiatium
1070 1314 1186 1402 pueris
1208 1335 1278 1380 non
1301 1313 1377 1400 ipsa
1399 1311 1458 1378 ali·

291 1433 418 1510 menta,
442 1427 501 1494 sed
523 1434 615 1495 certa
636 1428 802 1515 pecuniae
821 1449 957 1494 summa
980 1426 1180 1494 donabatur.
1205 1425 1246 1514 ¹⁹)

336 1539 577 1627 Obligationes·
592 1541 747 1627 singulae
769 1542 862 1629 ipsae
886 1542 955 1608 fere
978 1541 1014 1606 in
1038 1540 1132 1608 hunc
1155 1539 1300 1606 modum
1314 1539 1459 1627 scriptae

291 1661 381 1720 sunt.
417 1652 458 1741 ¹³)
502 1654 680 1742 Incipiunt
712 1676 733 1721 a
767 1655 907 1722 nomine
942 1655 1074 1721 domini
1096 1653 1294 1721 fundorum.
1321 1652 1464 1740 Saepius

291 1767 446 1855 sequitur
479 1789 559 1834 cum
591 1769 840 1856 praepositione
871 1791 929 1856 per
952 1768 1012 1855 qui
1036 1789 1097 1855 pro
1121 1767 1261 1834 domino
1284 1767 1462 1854 professio·

291 1903 373 1947 nem
404 1881 494 1947 fecit.
539 1881 748 1968 Sequuntur,
780 1883 808 1949 si
831 1881 986 1969 pluribus
1009 1880 1142 1947 actibus
1165 1880 1390 1966 obligationes
1415 1881 1463 1946 fa·

291 2001 365 2061 ctae
403 2000 483 2060 sunt
516 1994 621 2062 verba
653 1997 809 2083 professus
841 2003 884 2062 eet
917 1995 974 2082 (eet
1007 1995 1183 2061 interdum
1206 1996 1371 2062 omissum
1395 1998 1459 2076 est)

287 2108 423 2194 praealta
455 2110 574 2175 rustico
607 2109 723 2175 addita
757 2131 894 2175 summa
928 2130 997 2196 qua
1033 2109 1132 2174 fundi
1167 2108 1337 2175 aestimati
1371 2113 1463 2174 sunt.

292 2220 455 2307 Sequitur
477 2224 612 2309 occipere
633 2223 718 2288 debet
741 2230 774 2289 et
797 2245 933 2288 summa
957 2243 1044 2309 quae
1068 2222 1209 2288 domino
1233 2220 1465 2306 obligatorum

292 2335 512 2420 praediorum
546 2335 709 2403 solvenda
742 2338 793 2402 sit.
841 2337 917 2402 Iam
951 2357 1038 2422 quae
1070 2335 1225 2422 sequitur
1250 2334 1465 2401 enumeratio

292 2447 479 2514 fundorum
501 2448 729 2534 obligatorum
752 2449 893 2515 inducto
917 2449 1029 2516 verbis
1051 2456 1081 2515 ct
1103 2448 1214 2534 (debet)
1231 2448 1372 2533 obligare
1389 2449 1466 2532 sua·

292 2560 347 2628 doe
379 2563 541 2628 convenit
574 2563 702 2630 formae
737 2563 920 2648 legitimae,
958 2562 1097 2649 qualem
1123 2568 1269 2628 testatur
1292 2561 1463 2648 Ulpianus

292 2674 361 2760 dig.
384 2676 438 2757 50,
462 2676 514 2756 15,
537 2678 557 2742 4
580 2698 630 2763 pr.
677 2676 879 2764 Saepissime
904 2675 1102 2743 nominibus
1125 2675 1316 2741 fundorum
1340 2675 1461 2740 adiun-

292 2794 387 2854 ctum
421 2796 479 2870 est,
514 2811 576 2876 pro
601 2796 706 2877 quota
729 2797 825 2877 parte
848 2789 976 2856 fundus
999 2788 1171 2875 obligatus
1195 2789 1266 2876 sit..
1296 2788 1462 2854 Proxima

292 2907 342 2967 est
375 2902 566 2968 secundum
596 2924 755 2970 normam
781 2925 884 2991 supra
906 2901 1046 2969 allatam
1070 2902 1235 2968 indicatio
1259 2901 1409 2969 civitatis
1433 2889 1467 2968 et

319 4025 354 4087 ¹¹)
387 3982 459 4076 ile:
476 4027 605 4091 quincunx.

320 4108 349 4169 Αἵ)
383 4107 420 4157 Ol.
437 4125 489 4174 pag.
508 4109 556 4158 209
573 4111 597 4157 et
614 4107 664 4156 210
681 4108 735 4157 tdn.
754 4108 778 4158 2.

319 4190 351 4253 ¹⁸)
384 4191 418 4240 Ut
434 4207 506 4256 supra
522 4191 566 4240 loci
584 4191 611 4239 in
628 4190 799 4241 Baebianorum
816 4190 905 4268 tabula,
916 4191 949 4240 ita
961 4191 1005 4240 hoc
1018 4207 1112 4257 quoquc
1125 4192 1290 4252 summarium,
1299 4191 1462 4256 inungentem

295 4278 410 4334 mactum
427 4275 563 4340 deprompsi
580 4289 593 4324 e
609 4274 637 4324 Ο.
655 4274 675 4323 1.
692 4275 719 4327 Ia

247 4594 326 4618 Α
