3274 4998
714 503 778 567 119

155 679 320 768 quicquid
343 679 487 764 ingenui
510 679 547 744 in
570 679 695 746 animis
718 679 861 746 insitum
884 679 1060 747 habebant
1082 701 1220 766 prorsus
1250 703 1332 748 cum

153 793 212 858 illa
245 792 479 878 congruebat,¹
505 793 759 859 faeneratorum
792 794 927 860 astutiis
961 816 1067 881 quam
1100 794 1214 880 impar
1245 801 1331 862 esset

154 928 235 972 mox
257 906 429 993 apparuit.
476 907 575 972 Patet
602 907 707 992 igitur
730 907 840 974 Taciti
862 929 1023 974 cercurum
1039 908 1143 993 jocero
1166 908 1231 975 hoc
1254 907 1330 975 loco

153 1019 238 1085 nihil
262 1019 359 1086 aliud
382 1041 452 1086 esse
477 1042 583 1107 quam
605 1028 754 1087 mortuom
773 1022 944 1107 pecaniam
966 1043 1095 1088 sumac.
1122 1019 1147 1108 1)

196 1133 289 1200 Luce
313 1133 438 1200 clarius
460 1139 510 1200 est
533 1134 621 1200 hanc
646 1133 759 1218 legem
782 1155 802 1199 a
826 1133 1050 1220 popularibus
1071 1133 1239 1220 perlatam
1258 1134 1330 1200 iam

154 1247 331 1313 evanuisse
356 1253 544 1334 antequam
568 1253 641 1312 rata
665 1269 734 1314 esse
758 1247 917 1333 coeperit.
936 1247 962 1334 3)
985 1248 1175 1314 Pecuniam
1187 1247 1324 1314 faenore

154 1366 187 1426 et
208 1360 289 1426 dare
314 1366 348 1426 et
371 1361 524 1447 accipere
547 1361 698 1426 Romani
720 1361 920 1448 pergebant.
944 1361 996 1426 Ne
1010 1361 1172 1448 iniquum
1185 1361 1327 1448 quidem

154 1475 272 1540 faenus
307 1495 465 1540 exercere
505 1473 732 1540 faeneratores
755 1474 937 1540 efficaciter
960 1473 1135 1560 prohiberi
1158 1481 1327 1561 poterant.

153 1589 194 1654 In
218 1589 283 1653 hac
308 1609 344 1652 re
368 1592 505 1653 senatus
528 1587 723 1654 consultum
747 1588 830 1653 anni
854 1609 884 1653 a.
900 1609 934 1652 u.
955 1609 983 1653 c.
996 1587 1062 1653 703
1074 1588 1117 1674 (a.
1131 1587 1210 1654 Chr.
1223 1610 1258 1654 n.
1271 1588 1329 1677 51)

155 1701 247 1767 nullo
282 1701 386 1766 modo
423 1701 535 1767 omitti
568 1700 656 1782 licet,
690 1707 749 1781 „ut
769 1701 973 1766 centesimae
998 1706 1163 1788 perpetuo
1186 1701 1324 1769 faenore

155 1815 392 1881 ducerentur''.
417 1812 444 1902 8)
490 1813 579 1880 Satis
601 1815 734 1900 copiose
758 1814 897 1880 Billeter
921 1815 1020 1880 docet
1042 1814 1068 1901 ⁴)
1091 1815 1199 1881 inhia
1218 1815 1329 1882 verbis

154 1929 261 1994 inesse
286 1928 372 1994 duas
395 1948 469 1994 res:
497 1950 518 1994 c
542 1933 601 2008 „ut
623 1928 828 1994 centesimae
842 1928 1069 1994 ducerentur’'
1083 1950 1091 2009 ;
1105 1928 1123 1994 b
1138 1934 1196 2010 „ut
1208 1950 1326 2016 perpe·

154 2048 252 2107 tuum
276 2041 398 2107 faenus
421 2041 634 2122 duceretur’'‚
662 2041 754 2128 quod
773 2041 866 2106 idem
878 2041 921 2108 sit
932 2047 1035 2128 atque
1051 2046 1109 2121 „ut
1120 2041 1325 2108 centesimae

154 2155 417 2222 observarentur
440 2155 513 2220 sine
537 2154 748 2221 anatocismo
773 2154 844 2221 sive
856 2160 1022 2242 perpetuo
1034 2155 1171 2221 faenore
1186 2154 1321 2222 ducto.’'

154 2269 344 2335 Ocntcstracs
365 2274 483 2334 autem
506 2268 562 2334 hic
585 2268 860 2354 interpretandas
882 2289 953 2334 esse
971 2289 1084 2333 caturca
1096 2269 1247 2354 nequead
1260 2291 1326 2335 cca·

155 2384 287 2462 mancos,
313 2380 337 2469 5)
359 2381 505 2468 ideoque
519 2381 821 2448 senatusconsulto
838 2387 979 2447 cautum
990 2379 1092 2446 fuisse
1105 2402 1148 2447 ne
1165 2381 1201 2445 in
1214 2382 1327 2448 usuris
1402 2389 1404 2393 “

154 2494 357 2582 stipulandis
380 2495 582 2561 centesimas
605 2494 723 2582 (12⁰l0)
744 2493 769 2582 ⁶)
783 2494 1006 2575 excederent;
1021 2494 1200 2580 postremis
1215 2495 1328 2563 verbis

154 2609 413 2676 renovationem
447 2607 663 2694 singulorum
698 2629 869 2675 annorum
904 2607 975 2675 sive
1000 2607 1252 2674 anatocismum
1276 2609 1327 2674 fu·

154 2722 216 2788 isse
239 2722 394 2790 vetitam.
418 2722 495 2788 Hoc
518 2728 655 2788 senatus
678 2721 874 2788 consultum
893 2720 1072 2788 cuiusdam
1085 2721 1253 2787 momenti
1266 2726 1325 2788 est.

188 2901 205 2962 ι)
239 2903 378 2952 Incutionis
403 2902 437 2950 sic
463 2905 588 2965 usurpatae
613 2901 715 2950 Billeter
735 2901 801 2950 varia
817 2901 925 2964 exempla
943 2900 1047 2952 contulit
1064 2904 1101 2963 (ut
1118 2901 1168 2950 Cic.
1186 2900 1233 2950 Pro
1250 2901 1326 2952 Flace

154 2988 193 3045 20,
211 2987 261 3047 48).
302 2985 417 3035 Versum
434 3002 478 3034 vox
495 2985 566 3034 habet
583 2984 626 3034 illa
643 2985 739 3048 quidem
758 2985 831 3034 etiam
839 2985 1000 3048 antiquiorem
1010 2983 1168 3034 intellectum.
1191 2984 1327 3048 Utrumque

154 3074 177 3118 et
201 3069 362 3133 antiquiorem
391 3072 415 3117 et
441 3068 595 3118 recentiorem
621 3069 690 3116 decet
716 3067 806 3116 Paulus
824 3067 951 3124 Diaconos,
969 3067 1038 3116 cuins
1056 3066 1126 3116 verba
1142 3083 1214 3131 supra
1230 3066 1327 3116 laudavi

153 3158 214 3218 (pag.
234 3153 266 3201 39
284 3153 338 3200 adn.
358 3153 390 3213 3).
425 3151 558 3214 Schwegler
583 3152 621 3212 (Β.
640 3151 668 3199 G.
686 3151 710 3199 11
729 3166 780 3214 pag.
798 3150 856 3206 215)
873 3155 960 3208 autem
977 3149 1028 3206 alii,
1047 3150 1126 3198 Ritter
1142 3149 1181 3209 (ad
1197 3150 1251 3199 Tac.
1262 3151 1326 3198 Anu.

155 3238 194 3296 vl,
222 3236 253 3284 lo
282 3235 377 3296 (1834))
405 3234 479 3285 acenti
506 3251 626 3283 versuram
646 3235 735 3299 facere
751 3234 795 3282 hoc
812 3232 863 3281 loco
881 3233 1069 3296 interpretantur
1085 3236 1198 3296 tanquam
1215 3247 1328 3282 renovare

149 3321 242 3384 faenus
257 3318 284 3367 irs
301 3319 410 3382 singulos
425 3332 508 3366 aanor.
543 3318 612 3366 Hanc
628 3321 707 3366 tanim
725 3333 774 3364 ease
791 3317 870 3366 fictam
887 3316 1018 3375 notionem,
1035 3332 1106 3380 quam
1115 3315 1209 3380 primus
1217 3315 1327 3368 Niebuhr

154 3402 279 3452 subiecisse
303 3402 421 3459 videatur,
447 3401 551 3450 ostendit
578 3399 683 3450 Billeter.
718 3401 753 3448 De
778 3414 889 3448 casurae
915 3398 1088 3461 significatione
1114 3401 1207 3462 praeter
1224 3397 1327 3450 Billetcr

154 3485 180 3546 (1,
198 3485 215 3534 1.
234 3501 285 3550 pag.
304 3484 352 3538 137
371 3485 445 3548 seqq.)
461 3485 492 3532 cs.
511 3483 620 3532 Darcmb.
638 3487 662 3531 ct
679 3481 742 3546 Sagl.
760 3481 777 3530 l.
796 3481 805 3531 l
823 3501 829 3539 ς
847 3481 925 3545 Marq.
944 3481 988 3530 l.l
1014 3498 1068 3545 pag.
1085 3481 1125 3531 33.

187 3568 207 3626 ²)
241 3569 269 3617 Iu
296 3567 340 3616 hoc
365 3583 446 3616 omnes
472 3567 632 3625 consentiunt,
658 3566 700 3630 qui
726 3565 824 3632 quidem
844 3581 927 3614 usuras
940 3565 1004 3628 exigi
1022 3581 1119 3628 prorsus
1136 3563 1238 3614 vetitum
1254 3564 1327 3614 fuisse

154 3655 260 3700 sumunt.
279 3651 316 3700 Cf.
335 3652 449 3700 Momma.
467 3650 496 3699 R.
515 3651 543 3698 G.
562 3650 586 3698 1⁸
603 3666 654 3714 pag.
674 3649 739 3706 302;
758 3648 839 3697 Billet.
857 3648 874 3696 l.
892 3648 909 3697 l.
927 3664 979 3712 pag.
1001 3649 1049 3697 153
1066 3664 1121 3697 cum
1138 3649 1192 3698 adn.
1211 3647 1234 3697 2.

187 3734 207 3792 ³)
241 3735 291 3783 Cic.
320 3735 356 3783 ad
381 3735 433 3782 art.
460 3733 488 3792 V,
515 3733 555 3792 21,
584 3734 623 3782 13.
660 3735 694 3782 De
719 3748 781 3782 anuo
805 3731 877 3781 huius
894 3731 1108 3780 senatusconsulti
1125 3731 1155 3780 ef.
1172 3730 1255 3780 Billet.
1273 3730 1290 3780 l.
1308 3731 1326 3780 1.

155 3835 207 3882 pag.
227 3817 275 3869 170
295 3818 350 3866 adn.
369 3817 392 3868 1.

188 3903 207 3961 ⁴)
241 3901 257 3949 l.
276 3900 293 3950 l.
312 3917 357 3964 pag
385 3899 431 3951 171
451 3915 499 3964 seq.
518 3901 589 3963 Apud
605 3900 705 3948 eundem
723 3898 795 3948 huius
813 3898 858 3947 loci
868 3897 972 3948 difficilia
981 3897 1036 3946 vide
1044 3896 1102 3946 alias
1111 3896 1326 3961 interpretationes.

189 3986 215 4046 ι)·
243 3984 324 4034 Huius
341 3999 398 4032 usus
415 3982 517 4034 alterum
535 3983 670 4046 exemplum
688 3982 742 4030 vide
759 3997 837 4046 supra.
855 3998 907 4046 pag.
926 3981 974 4030 113
992 3981 1046 4028 adn.
1065 3981 1088 4028 3.

188 4069 208 4126 ⁶)
241 4067 322 4116 Sullae
339 4068 388 4116 sere
405 4066 552 4131 temporibus
570 4082 694 4116 usurarum
712 4065 772 4113 ratio
790 4068 880 4113 mutata
896 4067 953 4112 erat.
988 4063 1024 4112 Ex
1041 4079 1107 4112 moro
1124 4063 1267 4114 Graecorum
1279 4065 1326 4115 iam

158 4151 262 4214 sinpulic
294 4150 411 4200 meccha
443 4149 588 4214 pendebatur
610 4165 665 4213 para
690 4149 761 4198 sortia
786 4147 920 4206 eenoeaima,
946 4146 988 4210 qui
1010 4162 1096 4197 usurae
1121 4148 1206 4198 modus
1231 4151 1328 4198 vocatur

156 4235 294 4284 centesimae
311 4233 405 4299 (12010).
