3226 4998
809 504 850 569 78

246 687 364 748 turum
398 704 467 749 esse
501 683 603 748 dicit:
654 682 844 762 „Grabatus
878 682 934 749 ille
970 706 1071 750 verus
1105 685 1148 750 sit
1182 693 1215 752 et
1237 710 1359 774 sagum
1382 695 1422 755 et·

245 797 343 884 panis
363 796 468 861 durus
491 817 530 861 ac
553 795 718 861 sordidus.
743 796 807 862 hoc
830 796 944 861 triduo
967 803 1000 862 et
1024 799 1206 884 quatriduo
1229 801 1288 882 fer,
1313 802 1415 867 inter·

245 909 330 974 dum
368 908 533 997 pluribus
572 914 611 974 ut
633 931 704 974 non
725 909 819 974 lusus
842 910 894 990 sit,
917 910 976 975 sed
999 912 1295 998 experimentum:
1321 921 1412 995 tunc,

245 1023 332 1088 mihi
365 1022 473 1104 crede,
507 1022 628 1103 Lucili,
664 1022 849 1088 exsultabis
882 1023 1045 1109 dipondio
1069 1032 1162 1091 satur
1184 1033 1217 1092 et
1239 1027 1415 1112 intelleges

244 1136 288 1202 ad
321 1137 538 1203 securitatem
571 1158 640 1201 non
675 1158 760 1223 opus
794 1157 863 1201 esse
900 1137 1055 1204 fortuna:
1092 1140 1157 1205 hoc
1188 1141 1290 1222 enim,
1322 1143 1414 1228 quod

244 1250 435 1317 necessitati
468 1257 519 1316 sat
541 1257 600 1332 est,
624 1250 682 1315 dat
705 1255 739 1316 et
760 1251 877 1316 irata.’'
901 1247 925 1331 ¹)
970 1251 1240 1341 Pa11loinfra·²)
1264 1255 1413 1342 denique

246 1365 381 1431 scribit:
432 1365 609 1445 „Securius
646 1365 768 1430 divites
791 1365 927 1446 erimus,
952 1366 980 1430 si
1004 1367 1189 1448 scierimus
1215 1390 1321 1454 quam
1344 1391 1413 1435 non

247 1480 289 1545 sit
327 1501 431 1565 grave
468 1499 634 1565 pauperes
671 1479 773 1543 esse.’⁷
820 1478 855 1543 Si
894 1479 970 1564 quis
992 1486 1108 1545 tamen
1131 1480 1277 1547 Senecae
1302 1482 1415 1548 verbis

247 1592 334 1658 nihil
358 1598 545 1673 moveatur,
569 1592 598 1656 is
621 1591 817 1656 meminerit
839 1592 907 1656 fere
932 1613 975 1658 ne
999 1593 1169 1659 tenuiores
1193 1594 1334 1681 quidem
1350 1617 1416 1662 ser-

220 1789 223 1794 ·
248 1727 372 1774 vorum
394 1705 590 1771 ministeriis
612 1726 726 1771 carere
749 1705 907 1791 potuisse.
921 1704 947 1793 ⁸)
971 1706 1077 1771 lllum
1101 1707 1161 1793 qui
1184 1729 1322 1774 servum
1346 1709 1413 1793 (vel

248 1822 374 1906 servos)
409 1819 497 1884 alere
532 1819 637 1904 possit
667 1819 882 1884 miseratione
913 1820 1135 1886 vehementer
1168 1821 1313 1906 dignum
1344 1844 1414 1888 esse

247 1933 408 2022 equidem
430 1954 500 1998 non
524 1932 680 1998 dixerim.
705 1932 731 2019 4)

289 2105 340 2171 De
368 2103 461 2171 civili
483 2104 721 2169 Romanorum
744 2104 989 2170 communitate
1014 2126 1169 2170 necnon
1193 2105 1234 2170 de
1258 2106 1415 2192 pauperi-

246 2218 310 2284 bus
333 2239 520 2304 eorumque
544 2217 741 2282 condicione
765 2217 850 2283 haec
873 2217 980 2282 habui
1004 2239 1090 2304 quae
1115 2217 1307 2284 scriberem.
1338 2220 1415 2285 Iam

245 2340 458 2398 transeamus
498 2331 541 2397 ad
581 2331 724 2396 alteram
762 2331 865 2396 huius
899 2331 1138 2417 disputationis
1171 2339 1313 2418 partem,
1347 2355 1415 2419 qua

247 2467 349 2531 agam
371 2445 412 2510 de
437 2445 538 2510 modo
562 2465 630 2531 quo
654 2444 803 2509 Romani
826 2444 1085 2530 pauperioribus
1108 2445 1368 2532 prospiciebant.

283 2615 300 2676 ι)
316 2615 378 2664 Ibid.
396 2618 406 2676 §
424 2615 446 2668 7.

281 2698 378 2760 ²)§8.

281 2780 300 2842 1)
326 2781 362 2829 cf.
389 2781 464 2844 Marq
482 2780 536 2828 StV.
553 2780 590 2828 ΠΞ
607 2796 658 2845 pag.
678 2780 733 2828 123.
760 2779 807 2843 Qui
826 2779 893 2828 nulla
910 2781 1028 2846 mancipia
1045 2781 1145 2839 haberet,
1164 2782 1285 2830 mendicus
1303 2786 1358 2830 erat.
1379 2781 1416 2830 (li.

248 2864 323 2928 Marq.
350 2863 368 2912 l.
385 2863 402 2911 l.
429 2868 452 2911 ct
468 2862 531 2911 locos
558 2879 585 2911 ex
611 2862 705 2912 Catullo
731 2863 779 2925 (23,
808 2863 819 2910 l
848 2880 928 2926 seqq.;
953 2863 992 2922 24,
1012 2868 1035 2925 5)
1052 2869 1075 2912 et
1093 2864 1198 2912 Martiali
1217 2865 1268 2927 (xl,
1288 2865 1329 2926 32)
1347 2881 1418 2929 supra

248 2951 309 3013 (pag.
328 2948 358 3000 75
376 2963 430 2994 eum
447 2947 500 2994 adu.
520 2946 543 3008 l)
561 2945 671 2994 laudatos.

280 3032 300 3091 ⁴)
326 3029 434 3079 Getarum
452 3029 565 3077 urbanam
582 3029 642 3077 vitae
658 3029 772 3077 rationem
790 3033 899 3077 ornatum
916 3030 1033 3093 quendam
1051 3031 1165 3093 flagitasse
1182 3035 1206 3079 et
1223 3032 1341 3090 decorum,
1358 3027 1417 3094 quae

247 3113 331 3162 multis
356 3114 444 3162 maiora
465 3117 542 3161 esseut
559 3129 628 3176 quam
646 3112 767 3160 facultates
784 3112 935 3160 l'riedliinder
952 3112 978 3174 (l.
996 3112 1013 3160 l.
1032 3129 1083 3176 pag.
1103 3114 1143 3174 26)
1161 3119 1254 3162 monet:
1275 3115 1417 3178 „Ueberdies

247 3213 295 3245 war
309 3197 382 3259 jeder,
400 3197 441 3245 der
457 3196 524 3244 nicht
540 3197 621 3260 gerade
638 3212 666 3244 zu
684 3177 728 3243 dfrn
747 3199 866 3243 untersten
885 3195 984 3242 Klassen
1001 3195 1102 3258 gehiirte,
1120 3197 1195 3245 durch
1204 3198 1243 3244 die
1258 3197 1418 3244 Verhiiltnisse

248 3281 419 3329 unauiho'rlich
442 3297 471 3328 au
488 3281 565 3328 einem
587 3296 618 3328 an
636 3279 686 3327 sich
703 3279 770 3326 nicht
786 3279 967 3341 nothwcndigcn
985 3280 1114 3327 Auswande
1130 3296 1278 3344 gezwungen.
1297 3281 1341 3328 Die
1358 3281 1417 3328 Siue

247 3365 346 3412 fordertc
371 3364 432 3412 auch
457 3380 504 3411 von
530 3363 671 3426 Geringcren
697 3363 765 3410 einen
786 3363 898 3425 gewissen
926 3361 1000 3409 Glanz
1018 3363 1044 3410 in
1062 3363 1103 3410 der
1120 3367 1229 3411 tassetan
1247 3364 1417 3427 Erscheinung,

247 3447 288 3496 dcr
305 3447 384 3510 hliufig
400 3446 452 3494 ihre
469 3447 549 3494 Krifte
566 3445 690 3508 iiberstieg,
708 3445 745 3492 bei
764 3444 964 3492 Geschiiftsleuten
982 3462 1020 3493 arn
1037 3446 1145 3494 meisten.
1180 3446 1238 3494 Man
1256 3447 1358 3494 schimte
1367 3447 1418 3494 sich

249 3546 295 3578 von
320 3529 388 3577 'l'hon
413 3545 442 3577 zu
467 3529 566 3593 speism,
591 3528 679 3576 konnte
705 3528 755 3574 sich
776 3527 898 3575 tffentlich
915 3528 981 3575 nicht
998 3529 1081 3576 andere
1098 3528 1133 3576 als
1151 3529 1176 3577 in
1194 3530 1234 3577 der
1251 3529 1314 3592 Toga
1330 3529 1417 3593 seigam,

249 3613 299 3660 und
324 3611 390 3659 Viele
415 3612 482 3660 nicht
507 3611 568 3658 ohne
594 3611 646 3658 eine
671 3609 763 3657 Anzahl
789 3627 835 3658 von
853 3610 984 3674 Begleitern
1003 3611 1052 3658 und
1070 3611 1178 3660 Sklaven.
1212 3613 1273 3660 Eine
1289 3612 1417 3675 gliinzende

248 3695 358 3752 Armuth,
384 3695 436 3743 eine
455 3693 605 3758 kostspieligc
623 3692 816 3756 Hungerleiderei
833 3709 880 3740 war
897 3693 950 3741 sehr
967 3693 1097 3752 verhreitet,
1115 3695 1269 3742 Schwindelei
1288 3695 1337 3742 und
1355 3695 1416 3742 Ban-

248 3778 335 3828 lerotte
360 3794 391 3826 an
416 3777 456 3825 der
480 3775 685 3840 Tagesordnung.”
703 3775 739 3823 Cf.
758 3776 827 3824 Mart.
846 3776 878 3834 Il,
898 3777 927 3828 57
947 3777 975 3825 de
993 3778 1043 3825 viro
1061 3778 1161 3842 quodam
1179 3778 1220 3841 qui
1238 3777 1376 3841 magnificus
1395 3781 1418 3826 et

247 3865 330 3926 potens
346 3860 421 3909 videri
439 3859 560 3909 studebat:

483 3941 576 4007 „Quem
593 3957 648 4006 grex
664 3945 755 4005 togatus
773 3942 878 4006 sequitur
895 3946 917 3990 et
934 3942 1059 4007 capillatus

480 4025 615 4088 Recensque
633 4023 691 4072 sella
708 4024 835 4088 linteisque
852 4024 970 4088 lorisque:

482 4107 652 4172 Oppigneravit
668 4109 737 4156 modo
754 4109 824 4156 modo
841 4109 870 4156 ad
888 4108 956 4156 Cladi
974 4125 1079 4158 mensam

483 4190 529 4239 vix
547 4194 598 4239 octo
617 4191 723 4239 nummis
741 4191 848 4250 anulum,
866 4192 928 4240 unde
945 4192 1060 4241 cenaret.''

735 4287 928 4299 —n——u—
