3274 4998
708 483 772 549 185

158 663 225 728 foro
262 660 412 730 aberant.
448 659 475 747 ¹)
536 660 698 728 Suetonio
738 665 820 727 teste
855 660 927 747 ipse
962 661 1139 745 Augustus
1173 659 1320 746 ,legavit

157 774 278 862 populo
300 775 342 842 R.
367 774 655 862 quadringenties
680 773 837 841 tribubus
860 774 972 841 tricies
994 774 1178 861 quinquies
1202 780 1318 841 sester-

157 888 271 954 tium.’'
294 887 321 974 ⁸)
367 887 498 981 Similia
524 895 603 954 sunt
625 887 753 954 Tiberii
777 886 898 972 legata,
924 888 984 974 qui
1004 888 1109 975 patria
1120 887 1320 975 exemplum

157 1009 285 1068 secutus
319 1000 448 1086 legavit
488 1001 618 1089 ,plebei
649 1053 657 1068 .
690 1001 866 1067 Romanae
904 1001 1043 1082 viritim,
1078 1007 1181 1088 atque
1215 1001 1321 1068 etiam

156 1114 334 1202 separatim
372 1114 527 1181 vicorum
552 1115 753 1199 magistris.’'
779 1111 805 1199 8)
852 1114 1000 1199 Augusti
1023 1114 1176 1200 legatum
1199 1114 1317 1182 diffici-

156 1227 217 1294 lius
250 1233 300 1294 est
334 1227 378 1293 ad
411 1228 717 1315 interpretandum.
765 1229 807 1293 In
831 1228 924 1294 huno
950 1228 1092 1294 modum
1115 1233 1275 1294 narratur
1303 1250 1324 1295 a

155 1341 288 1408 Tacito:
317 1341 465 1426 „Legata
488 1362 556 1407 non
584 1341 674 1408 ultra
689 1341 827 1408 civilem
839 1341 991 1423 modum,
1005 1342 1071 1408 nisi
1085 1341 1177 1428 quod
1190 1341 1318 1429 populo

155 1460 185 1520 et
220 1453 313 1541 plebi
348 1455 653 1542 quadringentiens
686 1455 824 1522 triciens
859 1455 1068 1544 quinquiens
1104 1454 1257 1542 (dediql'
1294 1456 1320 1540 4)

153 1567 296 1654 Populos
318 1574 352 1634 ct
369 1567 458 1654 plebs
480 1569 614 1656 saepius
639 1568 698 1635 illa
721 1568 862 1656 quidem
885 1590 956 1636 una
978 1568 1150 1653 leguntur,
1177 1573 1236 1634 aut
1259 1589 1320 1654 per

152 1703 207 1767 qao
251 1680 457 1768 particulam
508 1682 667 1770 copulata
706 1683 859 1769 (popalus
893 1682 1072 1769 plebesque)
1106 1681 1143 1746 in
1177 1680 1322 1748 oraculis

152 1794 358 1880 praesertim,
394 1795 647 1881 precationibus
678 1794 910 1876 sollemnibus,
947 1794 1126 1876 similibus
1155 1815 1225 1861 non
1248 1794 1320 1861 sine

153 1907 301 1993 quodam
335 1908 513 1975 vetustatis
547 1908 678 1990 colore;
717 1909 741 1995 ὅ)
784 1914 937 1975 autnon
961 1907 1062 1995 plane
1086 1913 1320 1996 opponuntur,

151 2026 184 2085 at
210 2020 314 2107 plebia
352 2041 433 2087 voce
458 2021 656 2107 designatur
679 2021 797 2110 populi
822 2021 987 2089 vilissima
1010 2043 1098 2109 pars.
1123 2019 1149 2108 6)
1195 2021 1318 2088 Nescio

151 2139 264 2200 tamen
302 2155 347 2200 an
377 2134 435 2200 hio
456 2135 566 2202 Taciti
589 2136 683 2202 locus
707 2135 865 2202 nonnihil
890 2157 910 2201 a
934 2135 1053 2202 ceteris
1078 2135 1190 2202 distet.
1239 2134 1320 2202 Sue·

150 2247 232 2314 tonii
255 2246 362 2314 verba
384 2247 507 2314 docent
530 2248 666 2336 plebem
689 2249 746 2316 hio
769 2249 862 2315 idem
885 2248 999 2315 valere
1023 2254 1126 2335 atque
1146 2249 1256 2316 trabas.
1295 2247 1322 2335 7)

150 2359 321 2448 Equidem
358 2359 465 2446 igitur
502 2383 576 2428 rem
609 2364 657 2428 ita
691 2362 831 2449 accipio,
866 2368 905 2428 ιι)
939 2362 1136 2448 Augustum
1172 2362 1318 2450 priorem

149 2474 331 2560 pecuniam
366 2473 636 2542 distribuendam
672 2497 815 2557 curasse,
851 2475 994 2542 alteram
1036 2497 1117 2542 vero
1153 2474 1318 2562 legavisse

149 2593 267 2673 putem
289 2587 327 2652 in
352 2585 566 2673 singularum
588 2589 743 2656 tribuum
766 2589 880 2656 nescio
905 2610 990 2675 quos
1014 2610 1214 2656 communes
1228 2611 1321 2671 usus,

149 2701 196 2767 ita
229 2700 370 2788 quidem
403 2707 443 2767 ιι)
465 2702 605 2768 fortasse
628 2702 783 2770 tribuum
806 2702 1020 2770 curatoribus
1044 2701 1072 2787 8)
1098 2702 1237 2768 daretur
1262 2703 1319 2768 ad·

149 2813 375 2880 ministranda
415 2820 517 2902 atquo
555 2816 797 2903 impendenda.
833 2815 860 2902 9)
918 2816 996 2882 Νοιι
1032 2836 1128 2882 secus
1164 2814 1320 2883 Tiberius

156 2967 347 2976 ——n—

183 3049 200 3110 ¹)
233 3050 271 3101 01.
289 3050 386 3116 Kicpert
402 3055 425 3102 et
442 3052 556 3112 Huclseu,
574 3053 671 3102 Formae
689 3053 742 3102 urb.
761 3054 848 3102 &maa
865 3053 939 3116 antiq.

181 3133 201 3194 ἵ)
235 3134 298 3184 Suet.
319 3135 379 3199 Aug.
398 3135 454 3185 101.

181 3216 202 3280 ³)
236 3217 299 3266 Suet.
317 3217 370 3268 Tib.
389 3219 430 3271 76.

181 3300 201 3361 ⁴)
235 3300 289 3350 Tac.
311 3302 375 3350 Aun.
393 3302 413 3360 Ι,
432 3303 454 3350 8.

182 3383 199 3444 5)
234 3383 271 3432 Of.
288 3383 340 3432 Liv.
359 3384 430 3443 XXV,
450 3385 489 3444 12,
508 3385 554 3444 10,
573 3386 658 3444 XXIX,
677 3385 717 3444 27,
736 3385 835 3442 230io.
853 3385 899 3433 Pro
917 3384 981 3433 Mur.
1001 3383 1023 3442 1,
1044 3382 1162 3441 l;Vcrr.
1182 3383 1301 3443 v,14‚3o
1312 3403 1321 3445 3

149 3465 212 3515 Plin.
230 3466 315 3530 Paucg.
334 3466 374 3514 32.
408 3468 443 3516 Dc
460 3467 505 3516 ista
522 3468 624 3517 formula
640 3469 752 3532 spopulur
766 3468 899 3532 plebesque)
910 3467 962 3516 vide
972 3465 1060 3524 Soltau,
1072 3465 1174 3515 Altrdm.
1184 3465 1320 3518 Volksvers.

149 3565 199 3613 pag.
218 3549 267 3607 84;
284 3549 370 3613 Lange,
388 3551 455 3599 Bam.
474 3550 523 3599 ΑΙ).
541 3551 564 3599 1³
581 3567 633 3616 pag.
652 3551 716 3608 262;
736 3550 847 3599 Momms.
865 3551 920 3600 sta.
940 3550 978 3599 III
992 3567 1044 3616 pag.
1063 3550 1077 3598 6
1095 3550 1150 3600 adn.
1170 3552 1193 3599 4.

181 3635 200 3694 ⁶)
233 3631 435 3697 Ercmplahabcs
452 3633 506 3683 Tac.
525 3633 588 3683 Hist.
607 3635 626 3690 Ι,
648 3634 696 3692 35;
715 3635 763 3691 36;
782 3634 831 3692 40;
850 3634 898 3692 76;
918 3634 949 3683 82
968 3638 1011 3683 cto.

180 3715 200 3776 ⁷)
234 3715 308 3764 Plura
325 3715 431 3781 example
449 3716 502 3765 vido
519 3733 570 3782 pag.
590 3717 637 3765 153
656 3717 709 3766 adn.
727 3718 749 3766 1.

181 3799 201 3860 8)
235 3799 272 3848 Cf.
290 3798 403 3848 Momms.
421 3800 475 3849 Sta.
493 3800 531 3849 III
548 3817 601 3866 pag.
619 3800 676 3848 196.

181 3882 201 3944 ⁹)
234 3882 337 3932 Minima
354 3883 474 3932 consentio
491 3900 545 3932 cum
558 3883 610 3932 illis
620 3882 795 3948 interpretibus,
805 3883 846 3947 qui
857 3911 888 3919 -
898 3886 924 3932 ut
932 3883 1040 3941 Wolfius,
1050 3883 1163 3941 Orellius,
1173 3883 1320 3948 Nipperdey·

148 3966 276 4023 andresen,
300 3966 409 4030 Dracger,
435 3965 521 4029 quibus
537 3967 609 4016 addas
631 3966 743 4014 Momms.
761 3967 829 4014 Rom.
846 3965 933 4014 Tribus
950 3981 1002 4030 pag.
1022 3965 1320 4031 194;St1r.111pag.o

148 4049 201 4098 adn.
219 4051 235 4096 4
253 4076 285 4086 —
303 4048 494 4098 distributionem
512 4049 546 4098 ita
562 4050 647 4098 motam
664 4064 714 4096 esso
731 4051 834 4105 censent,
852 4051 886 4106 ut,
905 4048 968 4112 quod
985 4049 1105 4112 Augustus
1119 4051 1207 4114 populo
1224 4049 1319 4114 legarat,

149 4131 173 4180 in
190 4132 305 4181 aerarium
322 4131 405 4197 populi
424 4131 525 4180 Romani
542 4132 572 4181 ad
588 4131 696 4196 publicos
705 4147 761 4180 usus
771 4131 911 4190 deferretur,
920 4131 983 4195 qaod
991 4130 1096 4180 tribubus
1105 4130 1142 4180 vel
1149 4131 1219 4197 plebi,
1229 4132 1321 4182 viritim

149 4215 187 4265 rel
205 4215 300 4265 vicatim
318 4218 529 4281 pernumeraretur,
546 4231 618 4280 quarn
637 4213 734 4280 quidem
751 4213 876 4279 pecuniam
894 4230 941 4263 non
959 4214 1007 4263 uisi
1023 4215 1195 4264 atenuioribus
1204 4218 1321 4280 acceptam

1191 4308 1232 4373 13
