3274 4998
727 459 791 526 125

172 635 222 702 dis
255 635 376 724 plebia,
412 659 519 703 unam
542 637 584 703 de
609 658 686 703 aere
710 636 832 718 alieno,
857 641 897 701 ut
920 635 1066 702 deducto
1089 656 1129 704 eo
1153 635 1195 701 de
1218 635 1339 722 capite,

171 750 261 836 quod
284 750 398 814 usuris
409 756 692 837 pernumeratum
704 757 798 831 esset,
813 750 858 830 id,
876 750 968 836 quod
980 751 1178 836 superesset.
1191 749 1340 815 triennio

170 862 286 948 aequis
307 862 529 948 pensionibus
553 860 578 949 l)
602 862 884 949 persolveretur’'.
910 861 936 949 Ξ)
983 862 1087 928 Anno
1111 883 1140 928 a.
1165 883 1198 926 u.
1222 883 1250 928 c.
1274 862 1337 928 537

169 975 211 1062 (a.
246 976 325 1041 Ohr.
350 998 384 1041 n.
409 975 487 1062 217)
510 997 591 1041 cum
618 975 812 1064 ῃ61666666)
835 976 1017 1042 denarium
1041 975 1190 1041 sedecim
1210 976 1340 1042 assibus

169 1089 388 1176 permutari'',
424 1091 450 1176 3)
485 1089 558 1154 seni
592 1089 672 1154 deni
707 1111 796 1155 asses
818 1089 915 1154 denis
939 1089 1035 1155 reddi
1057 1110 1256 1155 concessum
1279 1095 1339 1156 est.

168 1201 270 1267 Anno
293 1202 443 1288 denique
467 1223 496 1267 a.
521 1223 553 1268 u.
578 1223 606 1268 c.
631 1203 695 1268 668
720 1202 763 1289 (a.
788 1203 867 1268 Ohr.
892 1225 926 1268 n.
952 1203 1008 1288 86)
1033 1201 1088 1270 vel
1112 1203 1251 1268 fortasse
1267 1203 1338 1274 iam

169 1314 269 1400 paulo
304 1321 383 1380 ante
418 1314 577 1382 Valerius
611 1315 755 1380 Flaccus
789 1315 970 1380 cuiusdam
1002 1315 1087 1400 legis
1123 1322 1241 1382 auctor
1264 1316 1338 1398 fuit,

171 1449 258 1514 „qua
273 1475 275 1480 ,
292 1427 516 1494 creditoribus
551 1428 779 1515 quadrantem
808 1429 894 1496 solvi
917 1429 1072 1516 iusslit)’',
1097 1429 1125 1516 ⁴)
1152 1429 1205 1497 vel
1226 1436 1265 1495 ut
1288 1437 1339 1495 est

169 1540 260 1628 apud
294 1540 496 1618 Sallustium
534 1548 693 1628 „propter
723 1543 1000 1627 magnitudinem
1023 1543 1110 1608 aeris
1137 1542 1338 1610 alieni...

169 1660 350 1738 argentum
373 1676 449 1720 aere
474 1654 624 1720 solutum
649 1656 731 1721 est''.
757 1647 804 1741 5)“

211 1767 382 1835 Venimus
402 1767 447 1832 ad
466 1768 655 1834 Caesarem.
680 1769 809 1853 Magna
832 1770 884 1836 vis
907 1769 1091 1836 tribuenda
1114 1770 1227 1836 estiis
1251 1792 1338 1858 quae

169 1881 204 1946 C.
238 1880 354 1946 Julius
391 1868 514 1947 Caesar
545 1883 625 1948 fecit
659 1882 702 1947 ad
737 1881 905 1948 obaeratis
928 1884 1207 1973 succurrendum.
1233 1883 1259 1971 ⁶)
1304 1885 1338 1950 Is

169 1995 261 2060 enim
285 2001 376 2062 terra
398 1994 488 2061 bello
511 1995 605 2062 civili
628 1996 795 2080 flagrante
819 2034 862 2045 -
886 2003 924 2061 ut
946 1997 1054 2083 ipsius
1078 1997 1192 2064 verbis
1207 2005 1338 2062 utar—

171 2130 271 2188 „cum
293 2109 378 2174 fides
401 2115 472 2174 tota
483 2108 583 2174 ltalia
597 2117 683 2174 66666
700 2110 876 2194 angustior
888 2131 1000 2196 neque
1013 2111 1160 2176 creditae
1173 2111 1338 2198 pecuniae

168 2221 393 2303 solverentur,
430 2223 615 2303 constituit,
640 2229 679 2287 ut
702 2222 820 2288 arbitri
844 2223 1008 2288 darentur
1020 2246 1027 2304 ;
1053 2246 1114 2310 per
1137 2245 1193 2290 eos
1217 2225 1339 2290 fierent

168 2335 420 2401 aestimationes
443 2337 694 2422 possessionum
717 2342 751 2402 et
773 2358 898 2418 rerum,
914 2337 1035 2423 quanti
1049 2359 1205 2424 quaeque
1219 2359 1339 2403 aarum

168 2456 245 2514 anto
281 2448 413 2515 bellum
443 2449 569 2530 fuisset,
595 2456 697 2536 atque
722 2450 786 2515 hae
811 2450 1034 2516 oreditoribus
1061 2437 1286 2518 traderentur.
1313 2451 1339 2539 7)

204 2622 220 2681 Ι)
254 2621 291 2668 Ita
307 2621 567 2670 Weissenb.·MiiIler.⁵
584 2621 614 2669 In
631 2621 697 2669 codd.
715 2625 750 2669 est
763 2621 921 2685 portionibus.

200 2703 219 2764 ²)
253 2703 305 2752 Liv.
324 2704 365 2762 VI,
384 2705 423 2762 35,
441 2710 464 2753 4.
499 2705 534 2752 De
551 2705 594 2752 hac
611 2703 662 2768 lege
680 2705 708 2752 oi.
726 2705 813 2752 Clason
830 2706 858 2754 R.
877 2706 905 2754 G.
924 2705 1003 2766 11111)
1021 2722 1073 2770 pag.
1092 2707 1231 2756 186-196.

200 2785 220 2846 ³)
253 2785 319 2834 Plia.
345 2787 376 2836 N.
403 2787 435 2835 H.
462 2787 575 2845 XXXIII,
601 2787 625 2845 3,
647 2789 686 2835 45.
722 2788 757 2835 De
774 2788 817 2836 hac
834 2787 892 2852 lege,
909 2805 968 2852 quae
985 2788 1057 2851 vulgo
1074 2789 1205 2854 appellatur
1222 2791 1340 2840 Flaminia

168 2869 248 2916 minus
265 2869 373 2918 solvendi
390 2872 420 2918 cl.
441 2870 516 2933 lllarq.
534 2870 551 2918 l.
569 2869 586 2918 l.
604 2886 655 2934 pag.
675 2871 704 2918 16
723 2887 776 2918 cum
794 2872 1337 2936 6616366663.57ςΜ666166.16666.Μ616666.

167 2968 218 3016 pag.
237 2952 301 3010 379;
320 2953 398 3017 Lange
415 2954 482 3001 Rom.
501 2953 604 3004 Α16.113
621 2970 674 3017 pag.
694 2954 740 3006 167
758 2953 790 3017 (1³
808 2971 859 3018 pag.
878 2955 945 3017 496).

200 3037 219 3096 ⁴)
254 3034 316 3084 Vell.
334 3037 423 3084 Patere.
441 3037 474 3095 11,
493 3037 532 3096 23,
551 3037 574 3086 2.

202 3119 220 3178 ⁵)
255 3118 313 3166 Sall.
332 3119 382 3168 cat.
401 3120 441 3178 33,
460 3120 483 3168 2.

200 3202 220 3261 ⁶)
254 3202 289 3248 De
307 3201 412 3250 Caesaris
429 3202 538 3250 consiliis
555 3202 606 3266 lege
623 3203 735 3252 Momms.
753 3204 782 3252 R.
800 3204 828 3252 G.
847 3204 896 3252 111Β
913 3220 965 3268 pag.
985 3206 1032 3254 534
1049 3222 1112 3270 seqq.
1128 3206 1277 3269 3Laugcol.
1289 3207 1339 3257 111²

167 3300 217 3348 pag.
238 3284 287 3332 421
306 3301 353 3348 seq.
373 3285 436 3346 (coll.
455 3287 490 3334 11³
508 3303 575 3350 pagg.
595 3287 642 3334 661
661 3303 717 3350 seq„
737 3287 803 3347 694).

199 3368 219 3428 1)
254 3368 378 3431 Quomodo
395 3369 451 3417 haec
468 3370 505 3418 lex
523 3387 577 3418 cum
595 3371 698 3419 Poetelio
717 3371 812 3435 Papiria
829 3371 948 3420 cohaereat
964 3373 1018 3422 vide
1035 3374 1139 3422 Momms
1156 3373 1166 3422 1
1184 3374 1201 3423 l.
1210 3390 1262 3438 pag.
1273 3375 1337 3423 536:

168 3451 229 3514 „Das
256 3453 397 3516 poetelische
423 3453 504 3500 Gesetz
529 3454 592 3501 hatte
620 3470 681 3502 zwar
707 3455 760 3502 dem
785 3471 832 3502 nur
849 3455 922 3503 durch
949 3456 1150 3520 Verlegenheiten‚
1171 3458 1238 3506 nicht
1264 3458 1338 3506 durch

165 3534 242 3582 wahre
266 3535 476 3599 Uebcrschuldung
505 3536 695 3600 augenblicklich
711 3536 925 3602 zahlungsuufdhig
942 3539 1101 3588 Gewordenen
1119 3544 1238 3590 verstattet
1262 3541 1337 3589 durch

166 3616 298 3681 Abtretung
332 3619 408 3666 seiner
440 3619 506 3668 Habe
539 3620 577 3667 die
602 3620 750 3683 persdnliche
775 3621 879 3669 Freiheit
912 3638 941 3670 zu
967 3625 1098 3685 retten.(l,
1126 3624 1198 3683 302);
1226 3625 1267 3672 sur
1292 3625 1337 3672 den

166 3700 274 3748 wirlrlieh
308 3701 522 3751 Ueberschuldeten
553 3703 638 3764 jedoch
672 3719 719 3751 war
750 3702 818 3765 jener
843 3704 977 3753 Rechtssatz
1011 3707 1074 3754 wohl
1100 3707 1126 3754 in
1152 3706 1337 3771 Nebenpuncten

165 3783 297 3845 gemildert,
331 3784 385 3832 aber
419 3785 445 3832 in
479 3787 519 3833 der
552 3786 702 3849 Hauptsache
727 3787 800 3834 durch
826 3787 865 3835 ein
890 3787 970 3836 halbes
1000 3789 1157 3838 Jahrtausead
1182 3790 1338 3838 unverindert
1374 3805 1376 3810 ·

166 3866 318 3930 iestgehalten
344 3868 454 3924 worden;
481 3869 520 3916 ein
545 3870 658 3918 zurichst
682 3871 725 3918 auf
757 3870 797 3918 das
829 3870 959 3935 Vermdgen
983 3871 1121 3934 geriohteter
1146 3872 1251 3920 sloncurs
1281 3872 1337 3921 liam

166 3965 211 3997 nur
244 3951 443 3999 cusnahmsweise
476 3968 518 4000 vor
543 3953 614 4012 donn,
648 3970 717 4002 werin
751 3954 792 4001 der
820 3953 951 4002 Schuldner
975 3955 1025 4003 todt
1051 3956 1106 4004 oder
1132 3956 1207 4004 seinos
1237 3956 1336 4020 Biirgcr·

167 4032 241 4080 rechts
268 4033 384 4097 verlustig
408 4051 527 4098 gegangen
544 4037 600 4083 oder
616 4036 683 4084 nicht
700 4037 853 4084 aufzulinden
870 4051 925 4085 war.
959 4037 1014 4086 Erat
1031 4037 1115 4087 Caesar
1131 4039 1175 4103 gab
1192 4039 1246 4087 dem
1267 4038 1336 4088 iiber·

167 4116 303 4165 schuldeten
322 4117 410 4166 Manae
428 4119 468 4166 das
485 4119 566 4178 Recht,
584 4121 675 4167 worauf
685 4120 746 4168 noch
755 4119 957 4183 unsereheutigen
966 4120 1335 4187 Concursordnuugeubernhen:

167 4198 240 4247 durch
266 4199 392 4248 scrmliche
410 4201 546 4266 Abtretung
563 4202 604 4250 der
622 4201 689 4250 Habe
706 4219 736 4251 an
753 4203 792 4251 die
809 4201 943 4266 Gliiubiger,
961 4204 1053 4254 mochtc
1070 4205 1104 4254 aie
1119 4221 1149 4256 au
1166 4206 1231 4256 ihrer
1247 4205 1337 4256 Belrie-
