3226 4998
842 483 884 547 70

278 682 364 746 quae
400 661 582 725 Suetonius
624 667 738 726 narrat
762 662 802 726 de
827 661 864 725 L.
891 659 1021 725 Orbilio
1047 659 1183 745 Pupillo
1211 658 1445 743 grammatico,

277 775 336 859 qui
374 774 541 852 „Romam
578 775 714 840 consule
749 775 910 839 Cicerone
947 773 1081 838 transiit
1100 769 1294 858 ¹docuitque
1318 771 1446 836 maiore

277 888 369 951 sarna
393 909 498 974 quam
519 888 793 953 emolumento'’:
823 888 1000 972 ,Namque
1016 887 1086 951 iam
1100 908 1267 972 persenex
1275 907 1448 970 puaperem

276 1023 305 1064 se
339 1009 368 1064 et
403 1001 544 1066 babitare
576 1002 631 1066 sub
661 1003 772 1086 tepolis
797 1001 947 1088 quodam
971 1001 1096 1086 scripto
1121 999 1276 1064 fatetur.''
1303 996 1328 1085 ¹)
1374 997 1445 1062 Nec

276 1113 420 1177 dubium
444 1115 580 1179 videtur
604 1115 688 1200 quin
712 1136 878 1200 pauperes
902 1114 1035 1199 saepius
1058 1135 1119 1178 sua
1135 1135 1223 1193 „non
1236 1110 1344 1204 reet(i)
1357 1117 1446 1176 tecta

276 1226 409 1291 subire''
446 1227 484 1313 ²),
507 1235 652 1313 possent.
700 1228 872 1293 Tabernas
908 1227 1025 1292 multis
1060 1227 1162 1292 simul
1193 1225 1447 1291 habitationum

278 1340 331 1406 vel
361 1341 475 1426 potius
509 1341 676 1406 cubilium
701 1341 774 1406 loeo
798 1342 899 1406 fuisse
923 1363 983 1406 suo
1007 1341 1080 1405 iure
1104 1340 1169 1406 viri
1193 1339 1283 1404 docti
1307 1345 1446 1403 conten-

277 1453 372 1518 dunt.
410 1453 437 1540 3)
484 1455 686 1540 Complures
722 1476 858 1540 quoque
895 1453 957 1519 sub
993 1455 1072 1520 divo
1096 1453 1151 1520 vel
1174 1453 1237 1518 sub
1260 1451 1447 1517 fornicibus

275 1574 487 1653 pernoctasse
511 1569 705 1653 putandum
727 1574 785 1633 est.
810 1569 836 1655 4)

321 1681 421 1758 Quod
457 1681 498 1745 ad
534 1681 911 1767 supellectilem
946 1702 994 1745 ae
1029 1681 1278 1760 vestitum,
1304 1679 1449 1744 dormie-

276 1793 359 1857 bant
382 1795 418 1856 in
446 1794 644 1878 „grabatis’⁷‚
658 1794 862 1859 lectulorum
875 1793 1062 1858 humilium
1074 1815 1198 1877 genere
1210 1815 1217 1873 ;
1233 1793 1256 1878 5)
1274 1813 1335 1878 pro
1347 1791 1448 1856 culci-

276 1907 319 1970 tis
346 1907 495 1972 Circensi
519 1915 670 1973 tomento
684 1907 709 1995 6)
738 1907 931 1987 utebantur,
946 1907 1039 1992 quod
1054 1905 1176 1985 „fiebat
1188 1928 1230 1970 ex
1243 1905 1448 1990 palustrium

202 2107 204 2111 ,
281 2021 493 2086 arundinum
517 2022 685 2108 paniculis
708 2021 850 2086 concisis
874 2027 907 2085 et
929 2021 1043 2084 fartis''
1069 2018 1253 2105 (Forcell:);
1277 2018 1448 2105 reliquam

279 2135 524 2219 supellectilem
548 2157 654 2221 aeque
678 2135 784 2201 vilem
807 2133 908 2198 fuisse
933 2133 1181 2198 dubitationem
1204 2153 1274 2196 non
1294 2131 1407 2197 habet.
1421 2131 1448 2219 7)

277 2305 375 2352 tentiam
402 2320 468 2352 suam
494 2304 621 2352 mutavisse
647 2305 759 2362 videtur.)
784 2304 819 2351 Cf.
847 2303 918 2351 etiarn
948 2303 1019 2350 Mart.
1037 2302 1058 2358 Ι,
1078 2302 1133 2358 108,
1153 2302 1179 2349 3:
1200 2303 1248 2364 „At
1265 2317 1315 2348 mea
1332 2301 1447 2364 Vipsanas

269 2392 381 2450 ¹spectant
408 2387 519 2434 cenacula
545 2387 650 2435 laurus.''
677 2388 731 2443 VII,
758 2386 797 2444 20,
825 2387 872 2434 20:
901 2387 981 2448 „Haec
1007 2401 1064 2448 per
1092 2385 1260 2433 ducentas
1277 2400 1332 2432 cum
1350 2384 1447 2434 domum

277 2470 335 2518 tulit
353 2469 491 2518 scalas.''
913 2525 916 2531 Ι

313 2553 329 2611 ¹)
356 2554 418 2601 Suet.
447 2554 483 2600 De
509 2553 614 2600 Gramm.
642 2554 664 2600 9.
692 2553 776 2600 Plures
794 2552 857 2600 locos
874 2552 928 2600 vide
945 2551 1008 2614 apud
1024 2551 1124 2614 Ruperti
1143 2554 1166 2598 et
1183 2551 1267 2614 Meyer
1284 2551 1313 2599 sd
1329 2551 1381 2600 Iuv.
1401 2552 1446 2608 111,

279 2635 417 2683 lea-201.

311 2717 329 2777 2)
356 2719 393 2766 Cf.
411 2720 483 2766 Mart.
502 2721 534 2777 ΙΙ,
555 2721 592 2776 53,
612 2721 634 2767 8.

309 2800 328 2860 ³)
356 2802 390 2848 Cs.
418 2802 505 2849 Friedl.
524 2802 540 2849 l.
559 2802 575 2849 1.
595 2819 645 2864 pag.
665 2803 712 2857 66;
731 2801 825 2849 thlrn.
844 2801 860 2848 1.
879 2801 895 2848 l.
915 2817 965 2864 pag.
986 2800 1017 2850 74
1034 2801 1087 2847 adn.
1108 2799 1331 2862 13t'0igtin1w.
1350 2815 1372 2847 v.
1391 2799 1449 2847 M.’s

191 2873 194 2882 ’
279 2883 371 2930 llarrdb.
390 2884 430 2939 lv,
450 2883 483 2941 2²,
501 2901 553 2946 pag.
574 2886 638 2940 338,
656 2885 726 2931 etiarn
745 2883 842 2931 laudant
860 2885 953 2938 Nissen,
972 2883 1107 2945 Pompejan.
1126 2883 1234 2939 Studien,
1254 2898 1303 2944 pag.
1323 2881 1378 2928 600.
1390 2882 1446 2928 Loci

278 2983 324 3027 quo
350 2967 461 3013 nituntur
486 2967 511 3013 hi
530 2971 592 3014 sunt.
612 2967 669 3014 llor.
688 2967 766 3014 Carm.
785 2967 803 3022 l,
823 2969 845 3024 4,
865 2967 895 3013 13
914 2982 976 3028 seq:
996 2965 1106 3029 „Pallida
1123 2981 1275 3026 mersaeque
1295 2963 1372 3022 pulsat
1388 2964 1448 3026 pede

279 3065 407 3110 pauperurrr
425 3049 531 3096 tabernas
548 3051 685 3112 Regumque
702 3049 792 3097 turris'
819 3049 954 3096 TaaHist.
976 3049 993 3104 1,
1012 3049 1059 3095 86;
1080 3047 1260 3110 ,,(111υηὼιῑὶοιιε
1277 3046 1378 3103 Tiberis)
1394 3046 1447 3109 plu·

278 3148 313 3177 res
332 3131 356 3177 irr
373 3132 478 3180 tabernis
495 3137 517 3180 et
535 3133 652 3180 cubilibus
671 3133 820 3195 intercepti.'’
838 3131 934 3194 Ulpiau.
952 3131 1007 3193 Dig.
1026 3131 1052 3187 L,
1072 3131 1110 3186 16,
1131 3131 1192 3178 183:
1207 3129 1447 3193 „‘Taberuae'appel-

278 3213 335 3260 latio
362 3215 464 3263 declarat
489 3233 557 3264 omne
574 3217 633 3264 utile
651 3217 680 3264 ad
698 3217 852 3264 habitandum
869 3213 1025 3262 aedilicium.''
1062 3213 1114 3276 Quo
1133 3214 1184 3261 iure
1201 3217 1279 3261 tamen
1297 3213 1447 3262 huctrahant

279 3297 360 3344 Horat.
386 3299 421 3345 De
440 3301 496 3346 Arte
513 3303 573 3362 poet.
594 3300 640 3347 399
660 3316 707 3347 non
725 3298 844 3361 intellego.

311 3380 329 3437 ⁴)
356 3379 391 3427 Cf.
411 3381 498 3429 Frisdl.
516 3381 532 3428 l.
551 3382 567 3429 1.

312 3463 330 3520 ⁵)
356 3463 391 3509 Cs.
411 3464 460 3512 Cic.
478 3464 514 3512 De
531 3465 613 3512 Divin.
634 3465 672 3520 63,
693 3465 739 3512 129
751 3487 755 3512 r
776 3465 882 3528 „Deosne
891 3462 1035 3511 immortales
1046 3503 1049 3510 .
1062 3500 1066 3510 .
1078 3499 1083 3510 .
1096 3475 1108 3510 .’
1118 3478 1256 3510 concursare
1265 3463 1373 3511 omnium
1382 3479 1445 3511 rnor-

277 3544 370 3600 talium
393 3546 433 3607 qui
453 3546 539 3609 ubique
556 3552 618 3604 sunt,
637 3564 684 3594 non
702 3549 771 3595 modo
789 3547 867 3605 lectos,
885 3563 967 3594 verum
985 3545 1056 3594 etiam
1072 3545 1203 3609 grabatos.”
1222 3546 1289 3608 Verg.
1308 3545 1393 3593 Moret.
1414 3549 1446 3594 5:

277 3628 401 3690 „llembra
426 3630 488 3676 levat
513 3630 562 3677 vili
584 3632 671 3678 sensim
698 3631 798 3679 demissa
823 3630 941 3694 grabato.''
968 3630 1004 3677 Cl.
1028 3629 1097 3678 etiarn
1116 3631 1194 3676 Seneo.
1212 3629 1256 3692 Ep.
1275 3630 1336 3677 Mor.
1356 3629 1389 3685 ΙΙ,
1408 3645 1445 3692 ep.

277 3710 291 3754 6
310 3710 368 3768 (18),
388 3711 417 3766 7;
436 3712 508 3759 Mart.
527 3714 546 3767 l,
565 3713 604 3770 99,
624 3716 654 3769 53
674 3715 714 3770 Vl,
733 3714 771 3770 39,
791 3716 822 3770 43
840 3714 881 3769 XI,
901 3713 939 3769 56,
958 3715 979 3760 5.

309 3793 327 3850 6)
354 3794 424 3840 Sencc
458 3795 493 3841 De
522 3797 574 3843 Vita
598 3796 664 3843 beata
690 3797 729 3854 25,
756 3797 786 3844 2:
814 3796 912 3860 ,Nihilo
935 3795 1044 3843 miserius
1067 3810 1113 3850 ero,
1138 3795 1157 3842 si
1175 3794 1235 3842 lassa
1252 3796 1332 3843 cervix
1349 3812 1400 3844 mea
1418 3797 1444 3843 in

275 3875 398 3937 manipulo
425 3878 486 3924 locui
514 3879 655 3941 adquiescet,
682 3880 702 3926 si
728 3895 798 3942 super·
816 3879 926 3926 Circense
944 3881 1075 3925 tomentum
1094 3893 1135 3940 per
1152 3881 1253 3924 sarturas
1271 3878 1356 3925 veteris
1373 3877 1441 3925 lintei

274 3959 369 4004 clllrrrns
397 3960 536 4008 incubabo.'’
565 3963 635 4008 Mart.
664 3962 725 4018 xlv,
754 3963 816 4008 160·Ι
845 3963 1000 4025 „Tomentum
1019 3961 1110 4006 concisa
1127 3959 1195 4022 palus
1213 3960 1320 4007 Circense
1338 3965 1441 4007 vantur.

275 4041 337 4087 llaec
355 4058 397 4103 pro
416 4043 542 4091 Leuconico
560 4046 673 4092 stramina
690 4061 779 4107 pauper
796 4044 877 4092 emit.’'

306 4123 325 4181 7)
352 4126 385 4170 lle
422 4125 487 4172 valde
514 4128 619 4190 inopum,
647 4128 809 4175 mendicorum
835 4131 905 4190 puta,¹
926 4125 1072 4190 supellectile
1098 4125 1177 4188 plures
1203 4125 1265 4173 locos
1296 4126 1349 4173 vide
1377 4127 1441 4174 inlra

271 4222 322 4267 pag.
342 4205 373 4255 73
393 4223 454 4269 seqq.
