3274 4998
724 461 787 528 127

210 641 256 707 At
291 640 429 707 tabulae
466 661 575 709 novae
606 661 676 706 non
701 639 843 706 unicum
866 637 1087 726 popularium
1111 642 1232 704 votum
1255 641 1337 703 erat.

166 755 310 821 infimae
347 754 456 841 plebis
493 755 632 820 fortasse
656 754 761 820 etiam
785 753 895 838 magis
918 753 1081 818 intererat
1104 757 1143 816 ut
1166 751 1339 816 mercedes

167 869 420 934 habitationum
442 869 714 934 remitterentur.
740 867 765 953 1)
799 867 921 953 ltaque
934 864 1214 932 anliuesublate
1226 865 1337 951 priore

167 1003 225 1048 sua
258 982 445 1066 rogatione,
487 988 545 1062 „ut
580 981 724 1047 sexenni
758 981 813 1046 die
837 981 909 1046 sine
933 979 1045 1045 usuris
1068 978 1215 1044 creditae
1239 998 1339 1064 pecu-

166 1096 239 1161 niae
260 1094 533 1182 solv(erentur)'',
559 1093 585 1182 ³)
601 1095 706 1174 „duas
718 1093 815 1181 (alias
836 1093 940 1178 leges)
954 1091 1206 1179 promulgavit;
1221 1112 1337 1173 unam,

167 1229 232 1294 qua
263 1206 438 1273 mercedes
461 1206 717 1272 habitationum
742 1227 876 1272 annuas
900 1204 1164 1272 conductoribus
1187 1205 1338 1286 donavit,

166 1321 268 1388 aliam
292 1320 491 1386 tabularum
514 1321 716 1388 novarum''.
741 1319 769 1407 3)
813 1319 997 1385 Interfecto
1022 1318 1136 1384 Caelio
1161 1317 1339 1385 Dolabella

166 1440 347 1520 utramque
382 1433 496 1518 legem
531 1433 700 1521 repetivit.
747 1433 840 1512 Quas
872 1433 995 1498 Caesar
1017 1431 1074 1497 ille
1100 1431 1243 1518 quidem
1265 1453 1340 1518 per-

166 1547 276 1629 vertit,
302 1548 369 1634 ipsi
392 1555 510 1613 tamen
529 1548 622 1635 prior
639 1547 827 1612 necessaria
845 1547 919 1614 visa
931 1553 990 1628 est,
1005 1546 1150 1633 ideoque
1167 1567 1339 1626 „annuam

166 1662 268 1727 etiam
291 1660 541 1727 habitationem
564 1661 694 1726 Romae
719 1682 827 1747 usque
851 1660 895 1726 ad
923 1659 1005 1726 bina
1027 1659 1122 1724 milia
1142 1681 1337 1741 nummum,

165 1775 201 1840 in
237 1774 340 1840 Italia
363 1796 433 1840 non
457 1774 548 1840 ultra
572 1775 763 1861 quingenos
787 1774 957 1840 sestertios
980 1772 1142 1838 remisit'’.
1167 1773 1194 1860 ⁴)
1241 1772 1340 1839 Octa-

166 1889 296 1970 vianne,
323 1889 383 1975 qui
407 1887 524 1953 multis
547 1887 630 1954 locis
653 1889 833 1954 Caesarem
857 1887 964 1973 ipsius
976 1887 1128 1972 vestigiis
1140 1893 1338 1973 persecutus

167 2008 223 2084 est,
249 2002 340 2067 hano
364 2023 501 2088 quoque
525 2001 639 2086 legem
662 2001 852 2068 renovavit.
878 2000 922 2086 ⁵)·

208 2196 369 2262 Priorum
403 2215 539 2261 summa
571 2195 656 2262 haec
692 2202 751 2276 est,
789 2193 922 2279 legibus
959 2193 1078 2260 edictis
1110 2193 1245 2260 iudiciis
1267 2217 1338 2262 non

200 2389 217 2451 ¹)
251 2391 386 2439 Pdhlmenn
405 2377 533 2441 fibervclk.
551 2409 603 2456 pag.
623 2391 654 2443 74
672 2408 710 2456 seq
730 2411 735 2438 ι
755 2391 800 2456 „ln
818 2391 863 2438 den
880 2390 1070 2455 Parteikttmpscn
1087 2391 1135 2439 und
1152 2391 1190 2439 bel
1207 2392 1252 2440 den
1262 2393 1339 2458 „poli-

167 2474 424 2523 tisch—dkonomischen
441 2474 608 2523 Saturnelien“
623 2475 648 2522 in
666 2475 707 2523 der
723 2460 947 2539 llbergengsepcche
957 2491 1003 2522 von
1018 2475 1058 2523 der
1067 2474 1187 2539 Republik
1196 2491 1237 2524 zur
1246 2477 1339 2527 Kaisar·

166 2557 210 2605 tait
230 2555 318 2605 bildete
335 2557 373 2604 die
390 2557 465 2604 nebcn
484 2557 675 2606 Schuldenerlaes
694 2558 744 2605 und
761 2557 906 2606 Moretorien
925 2573 971 2606 von
989 2557 1030 2605 der
1047 2557 1180 2622 demoligen
1197 2558 1340 2625 Demegogie

165 2639 296 2702 gleichlelle
313 2641 357 2688 eus
371 2640 409 2688 die
426 2640 610 2704 Tcgesordnung
626 2644 723 2703 gesetzte
732 2640 1341 2704 FlagedesMiethzinserlasseeoderder

165 2722 192 2770 M
201 2723 209 2770 i
218 2726 248 2771 et
257 2722 274 2771 h
283 2739 295 2770 z
304 2723 312 2770 i
322 2739 338 2770 n
348 2739 359 2770 s
368 2739 380 2770 r
388 2739 401 2770 e
410 2723 425 2771 d
434 2739 450 2770 u
459 2739 471 2771 c
480 2723 506 2772 ti
516 2741 530 2770 o
538 2740 555 2772 u
573 2723 612 2771 ein
629 2727 732 2771 bosseret
748 2723 884 2772 wirksames
904 2723 1119 2787 Agitetionsmittel
1129 2745 1134 2772 :
1154 2723 1214 2773 Eine
1231 2726 1339 2775 Ersohei·

165 2821 236 2869 rung,
254 2805 292 2854 die
309 2805 398 2854 lebheft
414 2822 445 2854 en
462 2806 500 2854 die
517 2822 564 2854 von
576 2806 637 2854 Seite
649 2807 689 2854 der
698 2807 824 2854 modemen
833 2807 1055 2856 Socieldemokratie
1064 2807 1165 2856 beliebte
1174 2808 1339 2872 agitatorische

165 2888 320 2952 Ausbeutung
344 2889 385 2937 der
410 2889 608 2952 Wohnungenoth
625 2889 674 2937 und
692 2889 935 2953 Miethensteigerung
957 2905 1053 2938 unserer
1070 2889 1219 2939 Groesstidte
1235 2893 1339 2941 erinnert

165 2973 214 3020 und
230 2971 302 3020 daher
317 2973 360 3020 eus
374 2972 415 3020 des
434 2972 625 3021 Vorhendeneein
642 2988 700 3036 ganz
728 2971 837 3036 oneloger
853 2958 997 3022 ilbelstonde
1014 2973 1109 3022 inRom
1119 2973 1339 3025 schliessenlitsst.'’

197 3055 218 3115 ς)
252 3054 318 3103 Caes.
336 3055 364 3103 B.
382 3055 409 3104 (Ι.
428 3055 475 3114 ΙΙΙ,
494 3056 534 3113 20,
552 3059 575 3104 4.

198 3137 217 3193 3)
252 3138 317 3186 Caes.
335 3138 363 3185 B.
383 3139 409 3186 Ο.
428 3139 474 3196 ΙΙΙ,
493 3139 533 3197 21,
553 3139 575 3188 1.

198 3223 217 3282 ⁴)
251 3221 314 3269 Suet.
341 3221 388 3270 Iul.
415 3222 454 3269 38.
482 3222 518 3270 cf.
545 3222 591 3269 Dio
609 3221 673 3269 Caes.
692 3221 767 3278 XLII,
787 3221 826 3279 51,
846 3221 868 3270 1.
903 3221 939 3269 De
955 3222 1000 3270 hoc
1017 3223 1122 3270 Caesaris
1139 3223 1239 3271 consilio
1257 3225 1338 3272 Cicero

165 3320 212 3352 non
240 3303 379 3352 clementius
397 3305 485 3352 iudicet
502 3305 546 3366 (De
563 3306 610 3352 Off.
628 3305 661 3360 ΙΙ,
680 3303 720 3362 23,
739 3304 796 3363 83)ι
816 3304 947 3368 „Habitent
963 3305 1036 3368 gratis
1053 3305 1079 3354 in
1097 3305 1183 3354 alieno.
1202 3306 1268 3370 Quid
1286 3307 1338 3356 ita?

165 3391 198 3444 ut,
218 3403 273 3434 cum
290 3403 331 3450 ego
348 3387 454 3445 emerim,
472 3387 624 3443 eedificerim,
641 3392 715 3442 tuear,
731 3386 876 3450 impendum,
893 3391 920 3435 tu
936 3403 974 3434 me
993 3387 1068 3436 invito
1086 3389 1164 3436 fruare
1181 3391 1255 3437 meo?
1273 3389 1339 3453 Quid

165 3474 199 3517 eet
214 3469 282 3517 eliud
299 3469 353 3517 eliis
371 3486 413 3518 sua
430 3470 526 3534 eripere,
543 3469 599 3518 aliis
616 3469 672 3518 dere
688 3469 803 3517 alienae”

199 3561 218 3620 5)
252 3561 299 3608 Dio
330 3560 395 3609 Cass.
422 3561 531 3620 XLVIII,
560 3562 583 3621 9,
603 3564 633 3610 5:
654 3549 773 3625 uthere)
795 3547 830 3610 τὲ
851 3547 964 3614 ἐνοίκιον
984 3561 1045 3622 τοῖς
1066 3549 1122 3630 μὲν
1142 3550 1171 3612 ἓν
1191 3559 1234 3630 τῷ
1254 3553 1339 3612 ἄστει

166 3643 256 3722 μέχρι
276 3647 477 3704 πεντακοσίων
497 3643 643 3724 δραχμῶν
664 3647 769 3708 οἰκοῦσι
790 3655 862 3720 πᾶν,
885 3657 945 3716 τοῖς
965 3649 991 3707 δ’
1004 3646 1033 3708 ἐν
1054 3657 1092 3736 τῇ
1114 3654 1202 3735 λοιπῇ
1224 3651 1339 3730 Ἰταλίᾳ

165 3737 245 3800 κατὰ
267 3734 302 3798 τὸ
336 3738 481 3813 τέταρτον
502 3737 628 3800 ἐνιαυτοῦ
648 3740 708 3812 ἑνὸς
735 3741 902 3809 ἁνεθῆναι.”
946 3757 1017 3804 Hunc
1040 3755 1119 3803 locum
1137 3754 1289 3803 Casauhonus
1306 3755 1339 3804 ite

166 3835 272 3898 explicet,
299 3835 366 3899 quasi
384 3835 497 3884 habitatio
518 3837 605 3885 Rornae
622 3839 717 3902 quidem
735 3855 813 3888 annue
829 3840 993 3895 remitteretur,
1012 3839 1038 3886 in
1055 3837 1125 3885 Italia
1142 3853 1196 3884 vero
1215 3853 1262 3885 non
1277 3836 1339 3886 ultra

165 3921 211 3966 tres
238 3935 335 3966 menses.
372 3918 471 3966 Collatis
497 3924 574 3967 eutem
601 3921 705 3969 Suetonii
732 3921 809 3970 verbis
833 3923 901 3970 modo
919 3921 1020 3970 laudetis
1037 3920 1093 3982 (lul.
1109 3921 1149 3980 38)
1167 3919 1268 3968 Dionem
1285 3919 1338 3968 salli

165 4013 238 4072 putet.
270 4009 357 4058 Omnia
383 4014 462 4058 tamen
488 4016 547 4059 recte
573 4013 709 4075 procedunt,
729 4013 748 4060 si
767 4012 822 4062 coll.
842 4014 912 4060 Dion.
930 4013 994 4060 Cass.
1013 4013 1087 4070 XLII,
1107 4015 1146 4070 bl,
1167 4014 1179 4061 l
1201 4002 1280 4064 κατὰ
1302 4000 1338 4062 τὸ

166 4090 311 4167 τέταρτον
339 4105 423 4152 referas
439 4103 469 4151 ad
489 4093 579 4172 μέχρι
606 4099 806 4156 πεντακοσίων
827 4095 983 4174 δραχμῶν,
1006 4122 1056 4156 non
1073 4109 1102 4158 cd
1122 4094 1248 4158 ἐνιαυτοῦ
1268 4096 1338 4170 ἑνὸς.

166 4187 202 4237 Ito
218 4189 289 4237 etiem
307 4189 386 4252 Lange
405 4187 422 4237 l.
433 4188 450 4238 l.
469 4206 520 4254 pag.
540 4191 586 4238 565
605 4207 654 4240 rem
671 4192 773 4256 occipere
791 4192 891 4241 videtur.
