3296 5008
816 497 881 563 258

259 674 494 762 maioremque
517 675 675 742 animum
696 697 740 741 ex
764 697 840 743 meo
863 676 998 758 sumite,
1026 677 1087 764 qui
1109 677 1211 764 cupio
1234 699 1430 766 essequam

258 789 450 874 plurimum
486 790 577 877 quod
612 789 756 856 debeam
791 791 953 856 conterre.
1000 791 1097 857 Nihil
1127 791 1302 858 honestius
1333 814 1430 879 prae-

259 910 347 970 stare
370 903 486 972 liberis
508 905 636 985 restria,
661 903 749 969 nihil
773 901 903 988 gratius'
926 905 1056 991 patriae
1080 906 1228 991 potestis.
1273 906 1430 972 Educen-

259 1024 315 1082 tur
345 1018 402 1084 hic
437 1018 497 1104 qui
530 1018 586 1083 hic
618 1025 806 1084 nascuntur
840 1018 1024 1104 statimque
1059 1018 1103 1084 ab
1136 1019 1282 1084 infantia
1314 1019 1428 1086 natale

258 1131 369 1198 solum
400 1153 516 1197 amare
539 1132 757 1218 frequentare
780 1139 1012 1198 consuescant.
1059 1133 1173 1218 Atque
1198 1133 1332 1198 utinam
1354 1139 1427 1199 tam
1518 1214 1520 1217 v

257 1245 366 1312 claros
411 1251 645 1332 praeceptores
678 1245 848 1310 inducatis
882 1252 921 1310 ut
954 1245 1111 1311 finitimis
1146 1246 1280 1333 oppidis
1314 1247 1428 1312 studia

258 1359 339 1426 binc
374 1366 544 1446 petantur,
578 1364 684 1445 utque
708 1380 801 1424 nunc
824 1358 923 1425 liberi
949 1359 1051 1426 vestri
1075 1359 1187 1426 aliena
1209 1361 1245 1425 in
1269 1359 1353 1441 loca,
1378 1361 1427 1427 ita

257 1494 340 1538 mox
374 1472 478 1538 alieni
512 1473 548 1536 in
573 1472 666 1537 hunc
695 1471 811 1538 locum
833 1473 1010 1538 confluant
1023 1474 1064 1538 !'''
1091 1472 1115 1557 ¹)
1161 1473 1259 1539 Idem
1283 1475 1428 1540 munici-

257 1585 358 1672 pibus
391 1586 461 1652 suis
495 1585 679 1672 pretiosam
712 1585 958 1652 bibliothecam
981 1586 1132 1666 donavit,
1158 1585 1184 1671 Ω)
1209 1587 1426 1672 praeclarum

257 1721 384 1764 munus
416 1698 520 1764 Plinii
543 1697 784 1764 liberalitatem
807 1721 877 1764 non
901 1700 1017 1765 minus
1038 1699 1151 1766 lucide
1175 1700 1372 1766 declarans!
1398 1701 1426 1786 ιο’)

303 1815 333 1879 b.
380 1813 534 1878 Breviter
557 1819 693 1878 tantum
709 1801 988 1898 perstringendae
1007 1819 1088 1878 sunt
1110 1813 1237 1880 domi
1251 1836 1273 1879 n
1291 1835 1310 1880 ο
1324 1836 1376 1879 ru
1389 1836 1426 1878 m

258 1928 305 1992 in
355 1948 525 1992 servos
570 1925 886 2013 libertosque
924 1927 1275 1993 humanitates,
1323 1927 1424 2007 Quod

256 2061 433 2107 servorum
463 2039 652 2106 valetudini
675 2039 856 2124 diligenter
879 2037 1112 2120 consulebant,
1136 2040 1171 2104 id
1196 2041 1337 2127 quidem
1350 2040 1425 2107 leve

257 2155 402 2232 videtur,
437 2154 608 2240 siquidem
642 2153 795 2238 ipsorum
831 2152 981 2218 multum
1015 2153 1178 2218 intererat
1208 2175 1323 2220 servos
1346 2174 1424 2220 suos

256 2289 390 2355 semper
413 2289 483 2333 esse
508 2266 605 2332 bonis
626 2265 765 2332 viribus.
812 2266 994 2332 Graviores
1018 2273 1098 2331 sunt
1120 2266 1213 2353 ipsae
1237 2267 1425 2333 manumis-

256 2382 366 2447 siones
400 2381 436 2446 in
471 2381 543 2446 dies
576 2379 781 2460 crebriores;
818 2379 1056 2460 habitationes
1093 2379 1229 2460 cibaria,
1266 2381 1425 2447 vestiaria

255 2494 385 2560 libertis
420 2495 565 2574 donata;
601 2494 710 2575 fundi,
746 2493 878 2574 domus,
908 2492 1070 2560 tabernae
1094 2515 1173 2560 cum
1196 2493 1368 2560 mercibus
1390 2500 1425 2560 et

197 2623 199 2626 ⁴
255 2608 491 2674 instrumentis
514 2615 548 2674 et
571 2606 783 2694 supellectili,
808 2607 940 2688 horrea,
966 2607 1108 2688 vinaria,
1133 2607 1308 2694 pecuniae,
1332 2607 1449 2680 simi,

255 2723 301 2788 lia
335 2722 456 2788 iisdem
490 2721 621 2807 legata;
657 2722 765 2786 immo
800 2722 974 2787 interdurn
1006 2721 1142 2808 patroni
1175 2720 1315 2786 libertos
1346 2742 1424 2787 suos

255 2842 458 2901 testamento
494 2836 635 2902 heredes
670 2834 864 2902 scribebant
898 2857 941 2900 ex
969 2835 1102 2916 triente,
1127 2856 1171 2900 ex
1190 2833 1295 2915 besse,
1320 2840 1423 2920 atque

255 2950 340 3015 adeo
374 2971 418 3014 ex
452 2971 534 3015 asse.
559 2951 585 3036 ⁴)
631 2950 727 3028 Quae
752 2950 867 3014 omnia
891 2949 984 3014 haud
1009 2947 1112 3014 dubie
1138 2948 1287 3014 multum
1307 2954 1425 3014 contu·

254 3063 370 3129 lerunt
392 3063 435 3128 ad
460 3064 613 3129 miserias
637 3062 899 3150 praecavendas.

290 3319 309 3378 1)
343 3317 637 3381 Plin.npist.1111,13.

288 3401 308 3463 ²)
342 3401 379 3451 cf.
406 3401 471 3450 Plin.
497 3403 572 3466 Epist.
600 3403 619 3458 Ι,
646 3403 669 3459 8,
693 3403 716 3450 0.
751 3401 785 3449 De
812 3401 854 3450 hec
879 3400 1022 3448 bibliotheca
1044 3400 1155 3447 Momms.
1173 3400 1198 3446 in
1218 3399 1299 3446 Herm.
1317 3399 1355 3446 Ill
1372 3414 1424 3462 pag.

257 3484 304 3533 100
331 3501 395 3548 scq.:
424 3485 505 3546 „Noch
532 3490 601 3533 unter
623 3485 741 3532 Domitian
759 3484 869 3532 schenlde
887 3483 982 3531 Plinius
999 3483 1079 3531 seiuen
1099 3483 1247 3546 blitbiirgern
1264 3482 1317 3529 eine
1335 3480 1425 3528 Biblio-

254 3567 319 3626 thck,
344 3583 396 3616 zum
425 3567 526 3626 Werthe,
544 3569 588 3616 wie
605 3584 629 3616 es
646 3568 743 3625 sabaiet,
762 3584 806 3615 von
825 3567 889 3614 einer
906 3565 1005 3613 Million
1022 3566 1070 3613 und
1088 3565 1174 3613 stillete
1191 3549 1303 3628 iugleich,
1314 3579 1357 3612 zur
1373 3563 1424 3611 Un-

254 3651 389 3715 tcrhaltung
415 3652 464 3700 und
494 3651 656 3714 Vermehruug
681 3651 803 3698 darselben
829 3650 867 3697 ein
893 3649 985 3713 Capitsl
1008 3666 1053 3696 von
1073 3647 1179 3706 100,000
1197 3647 1339 3696 Sesterzen.’'
1375 3645 1424 3694 Has

255 3751 359 3784 summas
376 3735 493 3798 quomodo
510 3735 613 3783 effecerit
629 3735 658 3782 cl.
676 3733 763 3782 ibidem
782 3737 842 3796 (pag.
863 3732 910 3780 100
928 3733 973 3780 adn
1000 3733 1032 3792 6).

287 3819 307 3880 ³)
341 3817 415 3867 Aliud
441 3817 595 3866 bibliothecae
620 3822 756 3866 testamento
782 3817 847 3864 datae
873 3815 1007 3878 exemplum
1034 3815 1146 3863 habemus
1170 3814 1197 3862 O.
1216 3815 1234 3861 1.
1253 3814 1280 3862 L.
1298 3813 1339 3870 xl,
1359 3812 1425 3864 2704

255 3899 392 3962 (Volsinii):
417 3929 464 3965 „-
483 3901 504 3948 is
521 3900 693 3964 bybliothecam
711 3915 724 3946 a
741 3898 791 3947 solo
809 3935 815 3946 .
835 3935 840 3946 .
860 3937 864 3946 .
883 3915 953 3962 mque
971 3897 1041 3946 libris
1058 3903 1081 3945 et
1099 3897 1200 3946 statuis.
1220 3933 1225 3944 .
1245 3935 1249 3944 .
1269 3899 1425 3957 (t)estameuto

256 3982 345 4031 dedit.”
371 3984 418 4044 (nd
442 3984 507 4031 hunc
532 3983 631 4032 titulum
658 3983 791 4030 adnotatum
820 3986 854 4028 est
874 3982 898 4028 in
917 3981 943 4029 C.
962 3981 981 4029 I.
999 3981 1043 4028 L.:
1063 3979 1094 4044 ,2
1112 3980 1145 4028 in.
1164 3984 1239 4042 potest
1256 3979 1328 4027 luisse
1345 3977 1425 4026 simile

255 4065 313 4128 quid
328 4069 398 4128 atque
409 4066 476 4129 fecit
491 4067 656 4131 omata]mque
676 4065 713 4113 vel
730 4064 863 4128 cu]mque.''

289 4147 308 4207 ⁴)
342 4145 379 4195 Ol.
405 4148 482 4211 Marq.
508 4148 525 4197 l.
551 4148 568 4197 1.
586 4164 637 4212 pag.
657 4149 703 4201 177
723 4165 769 4212 seq.
788 4147 923 4212 multosque
940 4146 1003 4196 locos
1021 4146 1155 4207 (maximam
1174 4148 1263 4210 portem
1281 4161 1294 4192 e
1311 4143 1423 4206 Digestis)

255 4229 343 4280 ibidem
360 4228 450 4280 allatos.
