3226 4998
844 466 887 533 84

274 669 345 714 non
378 646 444 713 nisi
474 647 624 735 patriciis
647 647 896 733 assignabatur.
932 644 968 711 Si
990 645 1155 732 Dionysio
1183 647 1288 713 fidem
1311 644 1446 724 habeas,

276 762 343 826 duo
378 782 474 846 reges
508 762 702 848 excipiendi
726 767 815 841 sunt,
840 780 930 825 unus
955 758 1077 824 Tullus
1099 759 1276 840 HostiliuS‚
1302 759 1362 844 qui
1383 764 1447 822 ter·

274 897 350 940 ram
383 875 549 940 eximiam
573 875 757 962 quandam,
783 895 904 958 regum
927 877 1063 952 sortem,
1101 869 1254 950 νὲπὲτρεψε
1265 881 1326 940 τοῖς
1336 869 1448 946 μηδένα

261 992 382 1061 κλῆρον
401 984 502 1066 ’έχουσι
525 985 675 1063 Ῥωμαίων
694 988 773 1050 κατ’
786 986 877 1060 ἄνδρα
889 983 1130 1060 διανεῖμασδαύ,
1149 984 1169 1057 Ι)
1183 1005 1251 1070 quo
1263 985 1351 1050 facto
1365 983 1447 1059 ηᾶμα

274 1105 318 1176 τῷ
345 1095 533 1172 παραλαβεῖν
560 1097 614 1164 τὴν
642 1096 741 1178 ἀρχὴν
768 1097 849 1156 ἅπαν
875 1091 911 1155 το
939 1092 1064 1166 θητικὸν
1084 1101 1136 1154 τοῦ
1156 1095 1250 1172 δήμου
1269 1096 1318 1158 καὶ
1337 1096 1447 1171 ἄπορον

276 1202 374 1264 οἰκεῖον
385 1199 505 1280 ἐ’σχεν.”
517 1203 540 1277 2)
562 1202 660 1268 Alter
671 1209 721 1268 est
736 1201 875 1268 Servius
888 1200 1022 1266 Tullius
1034 1201 1094 1286 qui
1106 1201 1227 1266 eodem
1238 1202 1325 1267 teste
1335 1197 1401 1268 ιέτὶ
1410 1199 1447 1260 τὸ

276 1315 469 1391 δημαγωγεῖν
489 1314 538 1377 καὶ
558 1315 731 1390 θεραπεύειν
752 1310 819 1382 τοὺς
840 1312 965 1388 ἀπόρους
985 1319 1044 1371 τῶν
1055 1317 1186 1372 πολιτῶν
1196 1309 1356 1388 ἓτρὲπετο”
1367 1313 1393 1390 8)
1414 1323 1447 1382 et

276 1428 314 1492 in
333 1430 489 1495 contione
514 1429 682 1515 populum
705 1429 742 1492 in
765 1427 859 1493 hunc
882 1427 1026 1492 modum
1049 1426 1217 1492 allocutus
1229 1434 1292 1493 est:
1309 1427 1447 1495 νδοκεῖδέ

276 1563 326 1617 μοι
349 1541 398 1604 καὶ
424 1549 479 1610 τῆς
506 1540 652 1617 δημοσίας
672 1549 740 1616 γῆς,
760 1541 794 1607 ἣν
815 1538 861 1598 διὰ
881 1547 940 1598 τῶν
960 1537 1060 1598 ὅπλων
1081 1540 1264 1616 κτησάμενοι
1283 1541 1444 1621 κατέχετε,

276 1645 319 1722 μὴ
339 1643 407 1714 τοὺς
427 1645 655 1714 ἀναιδεστάτους
675 1643 776 1719 ὥσπερ
798 1648 845 1702 νύν
866 1651 983 1717 κρατεῖν
1003 1641 1068 1702 οὔτε
1091 1644 1191 1722 χάριτι
1216 1642 1374 1716 λαβόντας.
1384 1645 1445 1704 οὔτ’

276 1747 332 1835 ὠνῇ
359 1749 574 1824 κτησαμένους,
603 1747 685 1808 ἀλλὰ
713 1746 781 1816 τούς
808 1746 920 1823 μηδένα
947 1751 1055 1821 κλῆρον
1082 1745 1209 1826 ’ἔχοντας
1228 1747 1317 1823 ὑμῶν,
1338 1748 1382 1808 ἰ’να
1403 1748 1446 1825 μὴ

276 1854 426 1923 θητεύητε
446 1851 529 1922 ὄντες
549 1849 696 1927 ἐλεύθεροι
717 1848 794 1928 μηδὲ
812 1850 868 1920 τὰς
887 1850 1049 1926 ἀλλοτρίας
1063 1852 1191 1922 κτήσεις,
1206 1850 1288 1911 ἀλλὰ
1308 1852 1365 1922 τὰς
1373 1852 1447 1922 ἰδίας

276 1965 441 2031 γεωργῆτε·
463 1954 494 2016 ού
514 1955 576 2032 γὰρ
597 1955 632 2015 ἂν
653 1955 767 2031 γένοιτο
785 1956 918 2036 φρόνημα
930 1951 1044 2029 εύγενὲς
1055 1952 1084 2014 έν
1095 1954 1233 2030 ἀνδράσιν
1243 1931 1448 2033 ἀπορουμένοις

276 2067 335 2119 τῶν
355 2061 429 2122 καθ’
446 2060 562 2135 ,ἡμέραν
580 2059 777 2136 ἁναγκαίων.”
796 2064 819 2134 ⁴)
842 2060 957 2127 Verba
980 2082 1032 2124 res
1045 2067 1160 2126 secuta
1173 2067 1231 2142 est,
1245 2082 1327 2126 nam
1343 2059 1449 2130 ..aaa

276 2173 342 2249 ἅμα
372 2180 415 2250 τῷ
445 2171 633 2247 παραλαβεῖν
667 2171 721 2238 τὴν
747 2171 844 2252 ἀρχὴν
868 2171 987 2247 διένειμε
1013 2171 1067 2237 τὴν
1092 2172 1237 2248 δημοσίαν
1264 2173 1365 2253 χώραν
1389 2183 1450 2243 τοῖς
1506 2181 1509 2186 ‘

276 2277 433 2348 θητεύουσι
471 2276 651 2353 Ῥωμαίων.”
674 2280 697 2352 ⁵)
721 2277 841 2343 Livius
864 2277 974 2361 magis
996 2277 1214 2361 generaliter:
1243 2278 1450 2358 „Conciliata

277 2391 372 2476 prius
385 2390 560 2457 voluntate
574 2389 682 2476 plebis
693 2411 775 2474 agro
791 2397 889 2476 capto
903 2411 946 2454 ex
958 2389 1112 2455 hostibus
1124 2389 1255 2456 viritim
1268 2391 1408 2457 diviso.''
1421 2391 1447 2478 1)

322 2503 475 2588 Regibus
509 2503 636 2568 exactis
671 2525 751 2568 curn
785 2503 936 2568 maxime
965 2502 1006 2568 de
1030 2503 1103 2568 iure
1127 2503 1329 2586 certabatur,
1355 2506 1448 2591 quod
1521 2513 1526 2524 ’
1605 2487 1607 2528 ³

277 2616 399 2703 plebei,
434 2617 525 2703 ipsos
552 2616 640 2681 nihil
664 2617 778 2681 minus
803 2638 908 2703 quam
930 2617 1099 2705 patricioS,
1124 2617 1161 2681 in
1185 2639 1307 2702 agrum
1330 2640 1364 2684 se
1388 2619 1447 2684 ha-

277 2728 356 2794 bere
391 2729 652 2809 contendebant,
687 2730 725 2794 in
754 2750 821 2816 quo
845 2729 1012 2815 capiendo
1035 2729 1125 2796 vitae
1150 2730 1344 2816 periculum
1366 2753 1447 2797 cum

277 2841 344 2906 illis
364 2843 489 2907 sociare
512 2863 581 2906 non
607 2842 837 2908 haesitassent.
852 2842 877 2926 1)
912 2843 1007 2921 Quae
1031 2849 1113 2908 tunc
1133 2843 1329 2909 ferebantur
1352 2866 1448 2930 agra-

277 2954 347 3019 riae
370 2954 462 3038 leges
485 2976 524 3020 eo
548 2955 755 3040 spectabant,
770 2962 809 3020 ut
825 2955 992 3020 damnum
1007 2956 1260 3042 quodammodo
1273 2959 1447 3024 resarcire·

277 3074 333 3134 tur
367 3067 505 3154 plebeia,
542 3067 666 3154 quibus
700 3090 780 3153 ager
814 3068 971 3154 publicus
1009 3091 1080 3134 non
1103 3091 1212 3156 aeque
1236 3092 1275 3136 ac
1298 3072 1449 3157 patriciis

277 3181 500 3269 possidendus
522 3181 772 3246 concederetur.
798 3181 824 3269 8)
847 3181 1049 3267 Iis‘legibus
1069 3183 1203 3268 patricii
1225 3204 1360 3250 summa
1383 3206 1447 3272 ope

278 3295 381 3361 reniti
404 3293 566 3374 solebant,
593 3294 673 3380 quia
696 3294 849 3380 ipsorum
872 3295 1097 3380 possessiones
1119 3317 1163 3361 ne
1188 3295 1449 3383 publicarentur

291 3485 484 3497 ———

312 3602 329 3660 1)
346 3603 444 3666 Dionys.
463 3601 541 3650 Halic.
559 3601 607 3660 ΙΙΙ,
626 3601 648 3658 1,
667 3601 681 3648 5
699 3601 753 3663 (ΙΙΙ.
772 3601 877 3666 Jacoby).

311 3684 330 3746 ἵ)
348 3685 411 3734 Ibid.
429 3688 440 3747 ς
457 3687 481 3732 4.

309 3767 329 3827 ³)
345 3768 444 3832 Dionys.
462 3767 541 3816 Halic.
558 3767 600 3824 lv,
617 3766 640 3824 8,
659 3767 682 3816 δ.

309 3851 329 3911 4)
346 3851 446 3915 Dionys.
464 3850 542 3900 Halic.
560 3850 601 3906 IV,
620 3850 643 3907 9,
658 3850 681 3898 8.

311 3933 330 3993 ⁵)
347 3933 445 3997 Dionys.
463 3932 543 3982 Halia.
560 3931 602 3990 IV,
622 3931 661 3990 13,
680 3931 703 3980 l.
737 3931 774 3980 Cf.
793 3933 864 3982 etiam
883 3933 921 3991 10,
941 3933 973 3990 3;
992 3933 1032 3991 11,
1051 3934 1075 3984 2.

310 4017 330 4075 ⁶)
347 4015 400 4064 Liv.
418 4015 439 4073 I,
456 4015 496 4073 46,
515 4015 537 4062 1.

310 4096 330 4158 7)
348 4096 384 4145 Cf.
403 4098 456 4146 Liv.
473 4097 507 4154 II,
525 4097 564 4153 24,
583 4097 615 4154 2;
633 4097 672 4154 48,
692 4097 706 4145 2
716 4117 729 4159 ;Ι
740 4097 782 4155 IV,
800 4099 840 4156 49,
860 4099 906 4156 11;
924 4099 1024 4162 Dionys.
1042 4099 1121 4148 Halic.
1139 4101 1168 4159 X,
1187 4102 1218 4151 36
1228 4123 1235 4160 ;
1252 4103 1292 4156 37.

311 4179 331 4240 ⁸)
350 4180 387 4228 Os.
405 4179 517 4242 Schwegl.
536 4179 564 4227 R.
581 4179 609 4228 G.
626 4179 652 4228 ΙΙ
669 4195 721 4243 pag.
739 4181 788 4228 416
805 4185 829 4229 et
845 4197 916 4246 supra
933 4181 985 4230 Lib.
1003 4181 1016 4230 I
1033 4197 1084 4246 pag.
1104 4183 1143 4236 37.
