3296 5008
742 463 808 532 207

186 640 337 731 ,puellas
369 647 403 710 et
436 663 581 731 pueros,
603 640 906 729 quemammodum
938 641 1137 711 Antoninus
1159 642 1359 711 Faustiniae

183 779 245 823 nas
277 757 480 837 instituerat,
505 756 762 823 Mammaeanas
785 761 819 823 et
841 755 1098 825 Mammaeanos
1120 757 1268 824 instituit
1281 757 1300 788 ’'
1314 755 1356 844 11)Ι

183 871 315 937 Deinde
349 871 391 937 de
425 870 597 936 alimentis
620 876 734 937 tacent
753 871 953 958 scriptores;
982 869 1178 958 at'lapides,
1202 871 1356 938 nonnul.

183 984 232 1050 los
265 983 509 1050 alimentorum
542 984 731 1071 praefectos
764 983 992 1070 divulgantes,
1016 1006 1057 1051 ea
1080 991 1227 1051 exeunte
1252 985 1358 1051 tertio

183 1097 327 1179 saeculo,
350 1097 427 1165 ·vel¹
452 1103 541 1164 certe
576 1103 655 1164 ante
679 1118 808 1163 annum
831 1097 907 1179 271,
932 1097 958 1184 ⁹)
982 1098 1171 1164 etiamtunc
1195 1082 1356 1185 perman·⁴

182 1211 262 1278 sisse
287 1211 420 1278 docent.
467 1211 684 1277 Constantini
707 1232 788 1278 vero
811 1210 1025 1297 temporibus
1050 1211 1215 1278 alimenta
1233 1232 1355 1278 cessas·

182 1347 216 1392 se
239 1325 306 1392 viri
329 1325 421 1392 docti
444 1331 572 1410 cogunt
595 1347 612 1391 e
631 1324 713 1392 Oo'd.
737 1324 903 1392 Theodos
928 1325 990 1403 XI,
1015 1325 1070 1407 27,
1096 1325 1258 1412 1:,Imp.
1275 1323 1355 1392 Con·

180 1440 342 1505 almitiem
363 1437 406 1504 A.
430 1439 472 1504 od
493 1437 679 1505 Ablavium.
726 1437 845 1504 Aereis
867 1436 992 1504 tabulis
1015 1437 1070 1506 vel
1094 1431 1273 1505 cerussatis
1291 1443 1354 1504 aut

181 1551 295 1618 linteis
328 1551 464 1639 mappis
498 1552 623 1639 scripta
658 1573 719 1639 per
752 1573 871 1618 omnes
911 1552 1065 1620 civitates
1087 1551 1207 1618 Italiae
1232 1571 1354 1640 propo·

182 1672 285 1731 natur
318 1664 386 1747 lex,
424 1687 511 1753 quae
545 1672 727 1752 parentum
752 1687 876 1732 manus
897 1687 917 1732 a
939 1665 1123 1753 parricidio
1146 1672 1271 1747 arceat,
1295 1687 1353 1734 vo-

182 1785 326 1866 tumque
362 1784 473 1846 vertat
506 1779 543 1845 in
573 1778 707 1846 melius.
755 1778 985 1866 Officiumque
1020 1785 1121 1846 tuum
1157 1779 1241 1846 haec
1269 1800 1352 1846 cura

182 1892 400 1980 perstringat,
437 1899 484 1974 ut,
520 1893 548 1959 si
576 1893 654 1980 quis
677 1914 801 1980 parens
823 1893 945 1960 afferat
967 1891 1132 1974 subolem,
1158 1915 1264 1980 quam
1287 1913 1351 1980 pro

181 2012 383 2094 paupertate
406 2006 552 2074 educare
577 2028 647 2073 non
670 2006 786 2093 possit,
807 2027 871 2073 nec
893 2005 931 2071 iu
951 2005 1123 2073 alimentis
1146 2027 1208 2073 nec
1232 2006 1269 2072 in
1293 2027 1350 2074 ve·

182 2127 230 2186 ste
264 2119 494 2206 impertienda
517 2119 679 2202 tardetur,
707 2141 788 2186 cum
811 2119 967 2186 educatio
990 2119 1160 2186 nascentis
1183 2119 1348 2186 infantiae

178 2255 291 2300 moras
318 2233 405 2300 ferre
435 2254 505 2300 non
529 2233 643 2320 possit.
690 2233 745 2299 Ad
766 2254 872 2321 quam
897 2253 970 2299 rem
993 2238 1028 2299 et
1050 2233 1171 2299 fiscum
1194 2238 1350 2300 nostrum

180 2353 215 2413 et
237 2369 311 2414 rem
334 2347 507 2434 privatam
525 2346 709 2414 indiscreta
726 2347 887 2414 iussimus
899 2345 1060 2434 praebere
1075 2346 1248 2434 obsequia.
1272 2346 1351 2414 Dat.

177 2461 248 2528 III.
283 2461 337 2526 Id.
372 2461 460 2527 Mota·
490 2461 621 2542 Nattae,
659 2460 866 2528 Comtaatiao
901 2458 944 2526 A.
978 2459 1044 2530 IV.
1076 2467 1105 2526 et
1130 2459 1258 2526 [dumio
1285 2459 1350 2530 IV.

177 2573 256 2640 AA.
294 2573 375 2641 (loss.
410 2574 535 2660 (315.)”
583 2573 848 2640 Constantinum
881 2594 1021 2661 prorsus
1054 2593 1143 2640 nova
1179 2573 1350 2660 quaedam

177 2687 363 2754 instituisse
388 2709 432 2753 ex
454 2687 519 2754 hcc
543 2686 617 2754 loco
641 2686 778 2754 dixeris.
802 2685 829 2773 8)

224 2800 480 2867 Alimentorum
513 2807 547 2868 et
578 2801 747 2886 originem
770 2806 804 2868 et
826 2801 1040 2867 incrementa
1063 2805 1098 2868 et
1120 2801 1254 2867 exitum
1276 2821 1350 2887 per·

178 2915 285 2980 secuti
318 2914 389 2980 iam
424 2935 640 3002 quaeramus,
675 2913 839 2981 elimenta
861 2913 921 2980 illa
945 2913 1154 3002 quibusnam
1187 2913 1225 2980 in
1248 2911 1350 2981 rebus

178 3028 410 3096 consisterent.
456 3028 532 3097 Viri
566 3028 657 3095 docti
690 3028 844 3116 plerique
879 3049 919 3095 ea
950 3049 1020 3094 non
1046 3027 1112 3094 nisi
1136 3028 1350 3094 frumentum

214 3291 234 3351 ¹)
267 3291 380 3355 Lamprid
405 3290 472 3340 Alex.
490 3291 589 3340 Severus
608 3289 648 3348 57,
666 3290 689 3344 7.
748 3317 750 3322 ·

212 3377 234 3434 ²)
268 3374 305 3423 cf.
323 3373 429 3423 Hirschf.
447 3373 464 3422 l.
482 3372 499 3423 l.
517 3389 569 3439 pag.
587 3373 635 3422 122
653 3388 707 3421 cum
724 3372 779 3421 adn.
797 3371 820 3421 2.

211 3456 231 3517 ¹)
265 3457 302 3506 cf.
329 3457 435 3506 Hirschf.
461 3456 479 3506 l.
506 3456 525 3506 l.
550 3457 605 3505 adn.
633 3456 664 3514 3;
690 3454 800 3512 Schiller,
826 3453 910 3503 Gesch.
933 3451 1350 3516 d.rom.Ksiseu.11psg.2st:

179 3539 398 3604 „Mdglioherweise
416 3540 448 3588 ist
464 3539 524 3588 euch
544 3540 570 3588 in
589 3539 665 3588 dieser
681 3539 732 3587 Zeit
748 3538 788 3586 der
799 3535 1353 3599 FinenrlralamitiitdieAlimentareinriohtung

179 3659 310 3673 ......
337 3628 534 3687 untergegangen,
560 3623 599 3672 dic
624 3626 650 3672 in
676 3621 826 3671 Diokletians
852 3621 903 3670 neit
927 3619 989 3668 noch
1005 3619 1110 3668 hestend.
1145 3618 1273 3668 Vielleicht
1289 3619 1353 3667 hstis

178 3707 322 3755 Konstantin
348 3707 371 3755 d.
397 3707 438 3754 Gr.
464 3723 523 3755 neus
547 3706 737 3769 Eiurichtungen
762 3705 885 3768 getroffen,
903 3704 932 3754 ds
948 3702 987 3751 die
1004 3702 1115 3751 frtiheren
1132 3701 1199 3750 nicht
1216 3701 1283 3750 mehr
1299 3716 1352 3749 aus·

177 3790 289 3839 reiohten.
325 3791 372 3838 Der
397 3790 534 3854 Untergang
559 3790 637 3838 diirite
662 3789 730 3838 nicht
756 3788 801 3837 mit
825 3787 903 3836 einem
920 3785 1018 3850 Schlrge
1035 3786 1085 3834 und
1102 3785 1162 3834 auch
1179 3784 1247 3833 nicht
1263 3783 1353 3832 sowohl

176 3873 250 3922 durch
275 3873 485 3938 gesetzgeberische
511 3873 658 3936 Massregeln
683 3872 719 3921 als
741 3871 857 3920 vielmehr
875 3869 949 3920 durch
966 3869 1139 3931 Uuterlsssung
1155 3868 1197 3916 der
1215 3867 1352 3931 Zahlungeu

178 3955 353 4020 harbeigeliihrt
379 3957 474 4005 worden
502 3956 577 4004 sein.''
621 3955 691 4019 Quod
725 3955 755 4004 ad
779 3954 915 4003 Christiana
943 3956 1051 4018 tempora
1075 3951 1168 4008 attinet,
1195 3951 1272 4014 Marq.
1299 3949 1316 3999 l.
1334 3950 1352 3999 l.

177 4039 230 4087 adn.
258 4040 289 4092 iz
316 4040 361 4103 „In
386 4040 426 4088 der
443 4038 598 4088 christlichen
615 4039 666 4087 Zeit
682 4038 746 4102 gicht
762 4054 786 4086 es
803 4051 861 4098 gouz
879 4036 965 4086 andere
984 4033 1274 4098 Versorgungsanstsltcn,
1287 4033 1352 4082 wai-

179 4121 304 4172 senhtuser
334 4122 562 4188 (orphanotrophia),
588 4121 766 4170 Kinderhtussr
788 4118 999 4184 (brephotrophia),
1016 4117 1192 4167 Armenhtusor
1207 4117 1353 4182 (ptochotro-

174 4205 250 4274 plu'a),
268 4205 405 4274 Hospitliler
421 4205 641 4273 (cornucopiam).
676 4204 733 4256 God.
751 4204 813 4254 Just.
833 4205 856 4260 l,
873 4203 897 4263 2,
916 4202 954 4252 12.
968 4201 1025 4252 W
