3274 4998
832 459 897 528 164

322 635 370 703 At
402 657 483 703 oum
515 636 663 723 legimus
696 636 738 704 de
774 659 863 726 pane
890 635 1133 725 ,popularibus
1157 636 1282 726 quibus
1304 659 1375 705 non
1399 642 1450 704 est

277 749 416 817 aliunde
440 749 620 818 solatium''
643 752 825 836 erogando,
852 751 876 838 ¹)
900 773 1014 818 nonne
1038 750 1206 820 habemus
1229 750 1449 818 manifestam

277 865 435 950 operatium
458 864 742 950 significationem
755 865 771 930 ‘l
818 865 865 933 Ut
877 865 1107 932 Gothofredus
1119 865 1156 930 in
1169 865 1425 932 Commentario
1439 887 1446 932 :

280 977 443 1065 ,Nempe,
467 985 501 1044 et
526 977 588 1044 soli
611 977 711 1044 Ciues
733 978 877 1044 Romani
896 984 930 1045 et
947 1000 1101 1066 pauperes
1123 978 1304 1066 populares
1322 978 1448 1066 quibus

277 1090 416 1158 aliunde
450 1091 609 1158 solatium
633 1112 702 1158 non
725 1098 808 1173 erat,
835 1092 927 1158 hunc
952 1113 1077 1179 panem
1100 1091 1268 1178 gradilem
1291 1092 1445 1179 accipere

278 1205 466 1292 poterant.''
502 1204 528 1291 ²)
551 1205 625 1290 Ego
648 1203 747 1272 valde
770 1204 934 1271 addubito
956 1210 1089 1271 rectene
1112 1204 1179 1272 tale
1204 1205 1286 1292 quid
1309 1227 1353 1271 ex
1376 1205 1450 1272 istis

278 1317 391 1385 verbis
424 1323 575 1403 cogatur,
600 1317 725 1404 quibus
748 1318 840 1384 haud
865 1317 968 1384 dubie
992 1318 1016 1383 ii
1040 1324 1176 1384 tantum
1199 1318 1447 1404 significantur,

278 1431 339 1519 qui
375 1453 444 1497 non
478 1430 546 1496 alia
575 1430 617 1497 de
651 1452 753 1497 causa
787 1453 914 1519 panem
947 1431 1181 1518 perciperent,
1223 1438 1262 1497 ut
1297 1431 1356 1520 qui
1394 1453 1449 1498 ae·

278 1545 337 1612 des
374 1544 601 1625 aedificarent,
637 1550 671 1611 at
705 1545 765 1632 qui
798 1551 879 1610 sunt
900 1545 1034 1630 generis
1056 1544 1219 1612 eiusdem.
1265 1545 1314 1612 Ut
1336 1544 1448 1610 estin

277 1659 351 1746 ipso
381 1657 462 1725 God.
485 1657 634 1724 Theod:
663 1658 736 1738 ,Ita
759 1665 797 1724 ut
819 1658 872 1724 ius
899 1659 935 1724 in
960 1658 1013 1724 his
1036 1657 1151 1724 nullus
1175 1656 1300 1724 babeat
1323 1657 1448 1724 officia·

277 1771 328 1854 lia,
359 1771 475 1838 nullus
497 1793 624 1853 servus,
652 1793 764 1854 nomo,
790 1772 850 1860 qui
873 1772 1108 1839 aedificiorum
1131 1771 1297 1859 percipiat
1320 1792 1447 1858 panem

280 1933 420 1952 .....
444 1884 671 1972 Popularibus
694 1886 797 1967 enim,
822 1885 947 1974 quibus
969 1908 1039 1953 non
1056 1891 1107 1952 est
1123 1884 1262 1952 aliunde
1275 1884 1445 1966 solatium,

278 1997 404 2086 quibus
436 1998 530 2065 idem
564 1996 590 2086 ³)
620 1999 718 2085 penis
746 1999 915 2087 hodieque
938 1999 1151 2080 distrahitur,
1175 2005 1352 2065 eteorum
1375 2019 1449 2065 suc·

279 2111 466 2179 cessoribus
488 2112 669 2179 clementia
692 2120 808 2180 nostra
831 2112 1017 2200 deputabit,
1041 2113 1068 2198 ⁴)
1090 2113 1128 2178 in
1152 2131 1221 2200 quo
1245 2133 1339 2178 nuno
1363 2111 1448 2178 omi-

279 2232 337 2292 tur
372 2225 456 2308 loco,
495 2226 641 2314 propriis
678 2226 841 2312 gradibus
872 2225 1116 2312 erogandum.”
1155 2225 1318 2292 Solarium
1351 2246 1449 2292 voca·

279 2337 402 2416 bulum
435 2339 541 2425 igitur
574 2339 629 2407 hic
664 2340 783 2408 eodem
819 2340 920 2407 modo
947 2341 1105 2427 usurpari
1133 2339 1219 2404 mihi
1244 2356 1449 2426 persuasum

280 2457 330 2519 est
363 2458 466 2540 atque
500 2453 660 2520 sobeslau
693 2453 729 2520 Ο.
764 2454 793 2520 Ι.
827 2453 866 2520 L.
889 2453 935 2534 Il,
961 2454 1057 2535 1180,
1082 2452 1142 2519 ubi
1166 2452 1308 2520 affertur
1334 2451 1450 2533 ,adiu-

280 2573 333 2633 tor
356 2567 517 2654 praefecti
546 2588 702 2633 annonae
726 2567 770 2633 ad
792 2566 907 2633 oleum
929 2567 1054 2632 Afrum
1077 2573 1111 2633 et
1125 2566 1322 2654 Hispanum
1334 2586 1450 2632 recen·

280 2679 426 2746 sendum
448 2680 532 2746 item
557 2679 725 2747 solamina
747 2679 982 2747 transferenda
1008 2687 1042 2746 et
1066 2686 1222 2747 vecturas
1241 2677 1448 2745 naviculari-

281 2815 318 2860 as
340 2793 596 2876 exsolvendas'',
615 2793 658 2860 ad
683 2816 787 2882 quem
810 2793 924 2860 locum
948 2793 1134 2860 Huebner:
1163 2793 1351 2874 ,Solumbta
1372 2790 1451 2858 sub

281 2906 367 2974 sidia
388 2908 578 2974 annonaria
601 2908 791 2993 significare
815 2929 859 2974 ex
882 2908 946 2974 hoc
970 2907 1068 2974 titulo
1096 2906 1166 2974 solo
1190 2905 1407 2973 concluditur
1430 2929 1452 2972 a

153 3061 156 3067 ·
281 3020 485 3087 Forcellinio
508 3043 532 3088 s.
558 3043 600 3103 v.,
625 3022 681 3088 cui
704 3021 932 3108 adstipulatur
952 3022 1167 3087 Henzenus.’'
1193 3021 1240 3087 At
1258 3019 1309 3086 illi
1323 3019 1452 3106 signifi·

281 3134 406 3201 cationi
429 3134 566 3200 additur
589 3135 673 3202 fides
691 3135 797 3201 altero
821 3133 921 3200 titulo
945 3135 994 3221 (O.
1019 3135 1046 3200 I.
1060 3135 1099 3201 L.
1113 3134 1210 3216 VIII,
1225 3134 1314 3222 619),
1329 3134 1366 3199 in
1382 3155 1450 3221 quo

282 3256 569 3314 commemoratur
591 3251 835 3338 ,proc(urator)
859 3248 902 3313 ad
930 3247 1109 3314 solaminia
1121 3248 1197 3335 [aa]
1210 3254 1244 3314 et
1257 3247 1411 3314 horrea.'’
1426 3247 1451 3335 ⁵)

327 3362 478 3447 Singulis
511 3363 616 3448 igitur
649 3363 716 3430 illis
753 3363 927 3450 perpensis
959 3361 1083 3450 quibus
1118 3360 1345 3428 insistendum
1380 3383 1451 3427 esse

283 3476 412 3564 putavi,
437 3475 464 3562 ⁶)
488 3478 601 3543 nescio
627 3499 672 3542 an
696 3477 886 3564 reperiatur
908 3458 987 3542 uere
1011 3476 1141 3541 dictum
1165 3497 1235 3541 esse
1259 3474 1345 3540 illud
1358 3474 1452 3563 quod

288 3622 477 3633 ———

317 3699 338 3762 1)
371 3698 641 3749 (lacrimulis.

317 3785 339 3843 ²)
373 3782 478 3832 Gctbolr.
496 3783 533 3833 ed.
551 3783 608 3833 (lod.
626 3783 715 3832 Thood.
732 3783 749 3832 l.
768 3782 784 3831 l.
804 3784 827 3832 6.

316 3863 336 3926 Ι)
369 3865 519 3915 Ardiniensis
536 3883 577 3916 scu
593 3866 708 3916 sordidus.
730 3866 860 3931 [dalboia]

317 3949 337 4009 ⁴)
370 3948 416 3997 Pro
434 3949 596 4016 ,deputarit'’.
616 3950 675 4016 [Id]

318 4031 338 4092 ι)
371 4031 407 4080 cf.
425 4031 542 4097 Ruggiero
559 4049 578 4082 a.
596 4049 618 4083 v.
636 4049 731 4084 annona
747 4033 886 4096 (militarie).
921 4033 956 4082 Dc
973 4033 1016 4082 hoe
1034 4033 1105 4082 titulo
1122 4033 1199 4081 idem:
1220 4031 1312 4096 „Multo
1331 4031 1452 4096 probahil-

283 4117 362 4164 mente
378 4115 495 4164 solamina
513 4119 548 4165 sta
565 4132 606 4182 per
623 4118 757 4167 “muria
770 4116 902 4166 mladota?

318 4197 338 4259 6)
371 4196 431 4245 Vide
447 4212 500 4261 pag.
518 4199 574 4248 140.
