3274 4998
840 537 904 604 124

286 713 487 800 efflagitatas
508 713 610 780 fuisse
632 713 789 800 legimus.
815 713 841 801 ¹)
885 714 995 802 quue
1019 735 1090 780 non
1113 714 1353 780 tantummodo
1376 735 1458 780 cum

285 828 323 893 in
355 828 466 894 lentos
490 827 691 894 infitiatores
713 834 785 894 tam
808 829 960 913 graviter
983 827 1198 894 saeviebatur
1222 849 1328 914 quam
1353 849 1459 914 supra

287 941 424 1028 scripsi;
450 940 476 1027 ²)
521 941 579 1007 sed
608 942 713 1007 etiam
735 949 917 1029 postquam
941 963 1033 1007 anno
1056 963 1086 1007 a.
1110 963 1144 1006 u.
1168 963 1197 1007 c.
1221 942 1286 1006 428
1310 942 1353 1026 (a.
1377 941 1458 1007 Chr.

286 1077 320 1121 n.
356 1055 434 1142 326)
468 1053 495 1142 ⁸)
521 1053 653 1142 „plebei
689 1056 867 1123 Romanae
893 1055 987 1122 velut
1010 1055 1105 1120 aliud
1129 1055 1269 1119 initium
1291 1054 1460 1120 libertatis

286 1169 416 1235 factum
428 1169 509 1235 est.’'
544 1169 643 1234 Tunc
655 1169 749 1235 enim
759 1207 804 1218 -
817 1168 978 1234 omnibus
989 1175 1071 1234 nota
1089 1167 1146 1233 lex
1160 1173 1219 1248 est,
1234 1190 1321 1255 quae
1334 1168 1460 1233 dicitur

286 1282 437 1349 Poetelia
470 1281 609 1369 Papiria
640 1320 682 1330 -
710 1282 828 1362 „iussi
851 1282 1006 1348 consules
1029 1283 1116 1346 ferre
1140 1282 1184 1347 ad
1208 1281 1386 1368 populum,
1411 1303 1455 1347 ne

288 1396 374 1482 quia,
405 1396 471 1462 nisi
503 1396 562 1483 qui
597 1417 727 1461 noxam
759 1396 949 1476 meruisset,
974 1395 1082 1460 donec
1105 1416 1255 1481 poenam
1277 1394 1397 1474 lueret,
1421 1394 1459 1458 in

286 1508 497 1595 conpedibus
524 1515 584 1574 aut
606 1509 644 1573 in
666 1531 773 1575 nervo
797 1515 990 1589 teneretur;
1015 1509 1182 1595 pecuniae
1202 1508 1351 1574 creditae
1365 1506 1459 1572 bona

287 1622 459 1703 debitoris,
494 1643 564 1687 non
598 1644 721 1709 corpus
755 1623 945 1708 obnoxium
968 1623 1085 1688 esset.''
1110 1622 1137 1708 ⁴)
1183 1621 1231 1686 At
1254 1620 1456 1686 turbulento

288 1736 505 1823 potissimum
527 1735 587 1802 illo
610 1736 745 1802 saeculo
770 1737 863 1822 quod
883 1736 1067 1802 Caesarum
1083 1734 1317 1822 principatum
1332 1733 1459 1814 attulit,

288 1849 519 1915 multitudinis
555 1849 663 1914 animi
697 1850 741 1914 ad
772 1849 969 1915 tabularum
1003 1870 1172 1914 novarum
1201 1869 1297 1934 spem
1321 1847 1460 1912 exarde-

289 1961 437 2029 scebant.
464 1963 490 2050 ὅ)
1376 2045 1380 2052 Ι

331 2077 487 2142 Breviter
509 2077 829 2142 commemorandae
853 2082 933 2142 sunt
956 2075 1161 2162 praecipuae
1183 2074 1276 2160 leges
1297 2073 1340 2140 ad
1365 2073 1459 2140 hunc
1561 2063 1563 2065 ¹

287 2188 402 2256 locum
425 2191 644 2277 pertinentes.
886 2193 888 2198 '

333 2302 438 2369 Anno
474 2304 538 2370 377
574 2303 724 2384 „tribuni
748 2305 785 2370 C.
809 2304 962 2370 Licinius
983 2310 1018 2369 et
1039 2304 1078 2370 L.
1102 2302 1239 2368 Sextius
1262 2299 1458 2388 promulga-

289 2439 369 2483 vere
392 2416 485 2502 leges
507 2439 626 2484 omnes
649 2418 812 2487 adversus
835 2439 916 2504 opes
938 2417 1164 2504 patriciorum
1184 2421 1218 2481 et
1236 2434 1459 2501 procommo·

325 2595 343 2656 ι)
377 2597 410 2644 Ut
426 2613 481 2645 cum
498 2597 565 2662 plebs
582 2598 608 2646 in
626 2602 729 2647 montem
747 2615 839 2646 sacrum
858 2599 997 2654 secessisset,
1015 2596 1078 2662 plebi
1096 2595 1190 2645 tabulae
1208 2611 1281 2644 novae
1294 2593 1462 2642 indulseeeeee

290 2681 405 2736 ferantur,
422 2681 550 2730 dammodo
566 2682 593 2729 in
610 2682 691 2730 urbem
710 2683 819 2730 redirent.
837 2683 873 2730 Cf.
893 2683 963 2730 Dion.
982 2681 1060 2730 Halic.
1076 2681 1116 2738 VI,
1134 2681 1174 2736 83,
1184 2682 1208 2737 4,
1218 2681 1241 2726 5.
1279 2677 1375 2726 Videtur
1383 2681 1461 2725 tamen

290 2779 340 2810 esse
357 2765 409 2811 licta
425 2765 546 2812 memoria.
564 2766 600 2812 Cf.
619 2766 689 2828 Voigt
706 2766 778 2829 Leges
796 2766 880 2829 Regiae
897 2782 948 2829 pag.
969 2767 1024 2813 184.

324 2847 343 2904 ²)
377 2863 429 2910 pag.
447 2847 479 2895 38
496 2863 559 2911 seqq.

324 2929 343 2988 ³)
378 2931 462 2977 Annus
492 2947 540 2978 non
565 2935 661 2979 constat.
688 2932 738 2993 Ego
763 2949 816 2980 curn
843 2931 961 2995 plerisque
987 2931 1083 2979 Livium
1109 2934 1202 2978 seculus
1227 2944 1289 2976 snm.
1307 2927 1342 2974 Ex
1359 2924 1461 2974 aliorum

291 3013 402 3076 opinione
419 3017 467 3060 erat
484 3030 503 3060 a.
522 3030 546 3060 n.
564 3030 583 3060 c.
599 3014 645 3060 441
665 3018 694 3074 (a.
713 3015 768 3062 Chr.
787 3031 810 3062 n.
830 3015 896 3072 313).

325 3096 344 3154 ⁴)
378 3095 430 3143 lriv.
449 3095 515 3152 VIII,
534 3097 574 3146 28.

326 3179 344 3237 ⁵)
378 3179 487 3238 Roseher,
513 3181 573 3243 Syet.
600 3182 622 3229 d.
650 3168 852 3238 Volkswirihsch„
878 3181 912 3228 Ι18
931 3197 982 3245 pag.
1004 3180 1067 3227 182:
1095 3177 1213 3242 „Tabulae
1230 3193 1303 3225 novae
1319 3177 1360 3224 des
1377 3175 1462 3230 Cinna,

293 3260 404 3319 Catilina,
422 3262 523 3320 Caelius,
536 3263 673 3311 Dolabella:
692 3264 726 3312 eie
742 3280 819 3312 waren
837 3264 1004 3326 vorzugsweise
1021 3263 1063 3310 anf
1078 3261 1251 3323 rechtswidrige
1267 3259 1411 3324 Entlastnng
1423 3261 1463 3309 des

292 3342 337 3390 mit
352 3344 465 3391 lremdenr
484 3345 592 3408 Kapitale
609 3347 727 3394 erlausten
747 3347 979 3410 Grundeigenthurns
996 3345 1126 3392 bcrechnet.
1145 3342 1462 3404 (cic.1)eoff.11,23.)”-

293 3424 362 3488 Voigt
387 3426 414 3473 in
431 3427 473 3474 Ιιι,
491 3443 513 3474 v.
532 3428 587 3475 M.'r
605 3429 699 3477 Handb.
718 3430 758 3486 lv,
777 3430 811 3486 2²,
829 3446 880 3492 pag.
900 3429 964 3476 361:
984 3429 1074 3492 „Unter
1091 3429 1143 3475 dem
1159 3425 1387 3474 Zusammenwirken
1405 3425 1464 3473 aller

290 3506 359 3568 jener
377 3508 536 3556 Verhtltnisse
552 3527 601 3557 nun
620 3511 768 3559 entwickelte
785 3513 836 3559 sich
853 3513 891 3559 die
909 3528 953 3558 von
972 3513 1012 3559 der
1030 3511 1121 3557 Vorzeit
1139 3509 1286 3556 iiberlielerte
1298 3507 1463 3571 sozialellmge

293 3591 338 3638 mit
354 3590 421 3638 ihren
438 3592 584 3654 agrariechen
602 3594 776 3657 Bestrebungcn
786 3611 814 3642 ιιι
825 3596 874 3642 rein
884 3594 1112 3642 kornmunistischen
1122 3593 1268 3648 Tendenzen‚
1277 3591 1365 3638 welche
1374 3591 1463 3639 sowohl

294 3673 332 3721 die
356 3673 524 3738 Birgerkriege
541 3676 589 3724 und
604 3678 691 3724 tftcren
709 3677 821 3725 Revolten
840 3681 1017 3734 nnterstiitzten,
1035 3676 1070 3724 als
1087 3676 1147 3723 anch
1165 3676 1189 3723 in
1208 3676 1252 3723 den
1271 3675 1463 3737 Anlordernngen

294 3757 336 3804 anf
351 3758 412 3820 oyes
423 3758 609 3822 frumentatum,
626 3759 671 3806 wie
686 3760 716 3807 de
733 3760 801 3807 norea
817 3761 904 3808 tabulis
922 3761 970 3808 und
988 3760 1017 3807 de
1032 3759 1133 3807 mercede
1145 3758 1315 3806 habitationum
1324 3756 1464 3804 remittenda

260 3859 263 3864 ·
295 3839 479 3889 hervortraten.”
498 3869 527 3877 —
546 3841 582 3890 De
598 3842 772 3906 antiquioribus
789 3843 897 3891 consiliis
915 3843 994 3890 minus
1012 3843 1080 3890 facile
1097 3842 1198 3890 indicare
1215 3855 1347 3904 possumus.
1383 3840 1418 3887 De
1434 3838 1464 3886 iis

297 3921 409 3971 Mommr.
435 3923 464 3971 a.
482 3924 511 3972 G.
528 3925 552 3972 1⁸
568 3941 620 3989 pag.
638 3925 687 3972 302
705 3942 769 3989 seq:
789 3926 866 3989 „Eher
883 3925 952 3974 liesse
969 3926 1019 3973 sich
1037 3925 1175 3988 nmgekehrt
1192 3926 1279 3996 lmgen,
1296 3923 1326 3970 ob
1343 3922 1411 3970 nicht
1427 3921 1464 3970 die

295 4004 413 4054 schlechte
434 4006 575 4070 Demagogie
600 4008 650 4056 sich
667 4008 757 4056 damals
774 4009 846 4056 echon
864 4009 939 4056 dieser
955 4007 1140 4071 Angelegenheit
1157 4007 1298 4068 bemtichtigt
1314 4005 1399 4068 gehabt
1417 4005 1464 4052 und

295 4087 325 4136 oh
351 4103 375 4135 ee
400 4087 509 4136 wirlrlich
532 4105 557 4137 so
573 4090 732 4153 gewaltsemer
750 4093 798 4140 und
814 4091 970 4155 gestbrlicher
987 4091 1067 4138 blittel
1085 4091 1178 4138 bedurlt
1194 4089 1261 4146 habe,
1278 4089 1322 4135 wie
1339 4104 1394 4136 zum
1411 4087 1463 4135 Bei-

296 4169 356 4235 epiel
373 4170 411 4218 die
427 4171 540 4236 Krirzung
556 4173 597 4220 der
613 4173 733 4236 gezehlten
751 4175 837 4222 Zinsen
854 4191 892 4222 am
910 4173 1002 4237 Capitol
1021 4174 1059 4222 ist.
1093 4174 1183 4221 Unsere
1200 4174 1273 4220 Acten
1292 4171 1385 4220 reichen
1399 4159 1465 4218 nicht

295 4269 345 4312 ene,
362 4269 404 4303 um
420 4253 471 4304 hier
488 4253 545 4304 iiber
560 4254 635 4305 Recht
651 4257 701 4306 und
717 4257 824 4307 Unrecht
839 4273 868 4306 zu
885 4255 1058 4306 entecheiden.''
