3274 4998
830 494 894 560 136

275 672 376 739 ficere
409 671 497 738 mihi
520 693 591 738 non
613 671 759 740 videtur.
805 670 854 738 Ut
876 669 971 736 enim
993 668 1088 736 aliud
1111 675 1162 736 est
1183 669 1298 758 ipsum
1323 691 1447 757 propo-

276 787 390 868 situm,
426 785 521 852 eliud
554 784 591 850 id
614 784 706 872 quod
729 783 773 849 ed
795 782 882 849 illud
907 783 1054 865 deducit,
1078 783 1127 850 ita
1150 803 1307 850 annonae
1330 781 1447 851 vilitas

276 899 500 988 discernende
522 904 573 965 est
595 920 615 964 a
634 897 772 984 publico
795 897 978 978 frumento,
1004 896 1097 984 quod
1120 918 1190 964 nen
1215 891 1360 963 minimo
1373 917 1445 962 mc-

264 1019 393 1106 ·mento
417 1018 490 1079 erat
513 1012 557 1078 ad
580 1011 689 1099 pretia
712 1009 969 1076 summittenda.
1008 1010 1064 1076 Ad
1088 1031 1207 1078 omnes
1218 1009 1383 1076 nimirum
1397 1009 1451 1074 in·

277 1126 368 1194 coles
383 1148 427 1192 ex
439 1125 500 1194 vili
512 1123 936 1192 annonaemolumentum
948 1123 1118 1191 veniebat.
1145 1124 1375 1216 Frumentum
1386 1144 1449 1210 pu·

277 1239 407 1307 blicum
429 1245 549 1306 contre
571 1261 657 1305 num
681 1245 715 1304 et
736 1239 851 1326 ipsum
874 1237 1085 1304 omne—de
1099 1259 1235 1326 queque
1248 1259 1364 1304 mense
1377 1237 1444 1304 dis-

277 1353 405 1420 tribute
427 1375 520 1420 nunc
540 1375 611 1420 non
633 1352 709 1419 dico
731 1391 776 1402 -
799 1351 1026 1418 omnibus
1047 1352 1181 1420 veniret
1203 1352 1364 1440 equidem
1377 1350 1448 1420 val·

279 1467 321 1534 de
345 1467 475 1534 dubito.
509 1467 584 1553 Ego
607 1467 721 1554 potius
744 1466 948 1533 contendere
972 1465 1088 1546 velim,
1112 1472 1151 1532 ut
1173 1465 1339 1552 gratuitas
1350 1487 1446 1531 men-

277 1588 387 1648 struas
409 1581 616 1667 largitiones
640 1581 689 1647 ite
711 1580 886 1668 reliquum
908 1581 1122 1646 frumentum
1146 1579 1238 1667 quod
1249 1580 1286 1645 in
1298 1578 1446 1667 publicis

278 1695 408 1762 horreis
430 1701 517 1762 esset
540 1695 765 1776 reconditum,
791 1701 961 1781 quatenus
983 1694 1028 1760 ad
1050 1701 1241 1761 mercatum
1253 1715 1323 1759 non
1338 1693 1446 1787 defer·

277 1815 380 1890 retur,
406 1806 432 1896 ¹)
466 1829 536 1874 non
571 1809 638 1874 nisi
660 1808 797 1874 cuidem
821 1809 911 1896 perti
933 1809 1083 1874 Romani
1106 1807 1235 1896 populi,
1261 1829 1348 1895 quae
1373 1813 1446 1874 erat

277 1921 374 2010 plebs
394 1921 526 1988 urbana
547 1922 618 1990 sive
642 1922 810 2004 Romana,
835 1920 862 2011 ⁹)
883 1921 986 1989 fuisse
1010 1922 1228 1989 destinatum.
1274 1922 1371 1988 Haec
1391 1942 1445 1986 res

276 2036 559 2124 praetermittitur
582 2058 603 2102 e
625 2035 796 2123 plerisque
813 2036 896 2104 viris
907 2036 1031 2118 doctis;
1045 2035 1089 2102 ab
1107 2035 1184 2102 aliis
1195 2041 1332 2102 tentum
1343 2035 1443 2101 attin·

275 2151 385 2237 gitur;
400 2157 435 2216 at
447 2172 558 2232 neme,
574 2150 666 2238 qued
678 2151 793 2232 sciam,
808 2149 956 2216 dilucide
969 2150 1156 2237 expedivit,
1170 2149 1254 2237 quid
1266 2149 1307 2248 de
1320 2171 1361 2215 ee
1371 2171 1445 2215 sen·

275 2265 347 2332 tiat.
374 2263 401 2352 ⁸)
428 2265 622 2351 Utcumque
646 2271 705 2347 est,
727 2286 824 2352 spero
837 2265 908 2331 scre
921 2270 960 2330 ut
971 2264 1065 2330 haud
1078 2285 1168 2332 vena
1182 2263 1302 2331 afferre
1315 2263 1442 2345 videar,

277 2477 356 2526 Huius
370 2477 441 2526 verba
449 2481 520 2526 sunt:
532 2478 579 2542 „ns
589 2476 663 2526 bildet
672 2477 723 2526 sich
732 2477 773 2526 der
781 2477 937 2526 Unterschied
945 2476 1061 2526 zwischen
1070 2491 1128 2524 cura
1136 2491 1246 2525 annonae
1254 2477 1304 2524 und
1306 2477 1445 2540 frumenta·

277 2560 311 2608 tic
321 2577 326 2604 :
345 2561 383 2609 die
400 2576 458 2609 cura
474 2576 585 2609 annonae
597 2561 661 2610 hatte
669 2561 708 2609 fiir
716 2561 761 2609 den
770 2560 948 2610 Gesamtbedari
953 2575 984 2608 an
994 2560 1102 2608 Getreide
1110 2575 1139 2607 nu
1148 2575 1238 2622 surgen,
1248 2560 1346 2608 umfasst
1356 2559 1444 2608 scwohl

193 2672 198 2680 ·
276 2643 317 2692 das
343 2643 514 2708 unentgeltlich
538 2643 708 2708 abzugebende,
729 2643 764 2692 als
782 2644 841 2692 auch
858 2643 984 2708 dasjenige,
1003 2643 1100 2692 welches
1116 2642 1163 2691 alle
1179 2643 1268 2706 Biirgcr
1286 2659 1324 2691 um
1343 2643 1388 2691 den
1404 2641 1445 2690 be·

275 2728 398 2776 stimmten
424 2728 491 2776 Preis
510 2728 536 2776 in
553 2729 599 2776 den
615 2727 753 2777 staatlichen
771 2727 909 2791 Maganinen
927 2764 933 2777 .
951 2764 957 2776 .
975 2727 1061 2775 kaufen
1077 2727 1190 2776 konnten,
1224 2727 1262 2774 An
1279 2727 1321 2774 der
1332 2727 1445 2790 frumeu-

276 2810 335 2860 tario
351 2811 431 2859 hutten
447 2827 494 2859 nur
511 2811 549 2860 die
566 2811 592 2859 in
609 2812 655 2859 den
671 2811 753 2860 Listen
771 2810 954 2868 verzeichneten,
962 2827 993 2858 an
1002 2811 1042 2858 der
1050 2825 1146 2858 annona
1152 2809 1296 2872 alleBi'rrger
1305 2808 1411 2857 Anteil.'’

316 2894 339 2967 ¹)
376 2893 499 2942 Nimirum
521 2893 584 2942 hnud
600 2894 723 2942 abnuerim
741 2895 887 2942 frumentum
904 2893 1028 2958 publicum
1046 2897 1160 2957 quatenus
1177 2893 1207 2940 ud
1223 2896 1353 2941 mercatum
1370 2892 1444 2940 deser-

274 2978 338 3023 retnr
354 2976 453 3025 cuilibet
468 2977 568 3041 emptori
586 2977 686 3027 venisse.

308 3059 329 3118 ²)
363 3058 426 3108 Haec
450 3061 497 3109 duo
513 3061 610 3109 nomina
627 3061 720 3110 idemne
737 3060 876 3110 declnrant?
910 3061 936 3108 Si
952 3059 1071 3110 subtiliter
1088 3060 1227 3124 distinguas,
1244 3060 1341 3108 fortasse
1358 3074 1444 3121 negan-

274 3142 339 3192 dum.
374 3143 410 3192 De
427 3143 470 3192 hcc
487 3161 512 3193 re
528 3144 582 3192 vide
598 3143 667 3193 infra.

307 3224 329 3286 ι)
363 3226 503 3286 Rcdbertus,
528 3229 576 3277 Zur
600 3229 639 3278 rr.
665 3228 687 3277 d.
714 3228 803 3277 Sachw.
826 3229 849 3278 d.
868 3227 953 3277 Geldes
970 3228 1004 3277 im
1022 3227 1080 3287 Ale,
1098 3227 1115 3276 1.
1133 3226 1150 3276 l.
1168 3228 1221 3276 edu.
1241 3227 1271 3276 21
1290 3233 1351 3292 (pag.
1369 3225 1444 3284 aab:

275 3308 339 3372 „Mit
363 3311 405 3359 der
430 3311 615 3375 Mitgliedrchatt
639 3312 705 3360 einer
722 3311 864 3362 Stadttribus
885 3327 962 3361 waren
979 3312 1034 3360 eber
1049 3312 1109 3360 auch
1126 3311 1187 3360 ncch
1200 3311 1267 3359 mehr
1284 3310 1405 3358 commoda
1422 3313 1446 3357 et

274 3393 416 3458 principales
433 3393 586 3444 liberalitates
603 3423 635 3432 -
652 3394 670 3444 1.
688 3395 719 3443 at
737 3411 772 3460 pr.
790 3395 821 3444 D.
831 3395 1146 3445 32—verbunden......
1164 3411 1184 3442 z.
1203 3395 1230 3442 B.
1249 3393 1444 3456 billigeres

277 3477 393 3535 Getreide,
419 3477 464 3525 seit
487 3477 572 3540 Trajan
598 3479 667 3526 dafrir
692 3478 760 3526 Mehl
777 3478 815 3527 bei
832 3479 877 3527 den
894 3477 1099 3527 Stantsmiillern.''
1117 3505 1148 3514 -
1167 3477 1305 3541 Merquardt
1321 3476 1338 3525 l.
1356 3476 1373 3524 l.
1391 3491 1444 3540 peg.

277 3558 340 3611 127:
368 3559 428 3624 „Die
451 3559 574 3618 Verkiiut'e,
599 3560 675 3609 durch
700 3561 788 3609 welche
813 3562 851 3610 die
876 3561 1009 3625 Regiorung
1022 3562 1066 3609 den
1079 3560 1145 3608 Preis
1161 3561 1201 3608 dea
1217 3559 1336 3608 Getreides
1353 3559 1446 3620 niedrig

273 3641 334 3692 hielt
361 3644 409 3692 und
434 3659 506 3708 gegen
532 3645 584 3692 eine
608 3643 743 3693 kiinetliche
768 3645 906 3708 Steigerung
922 3645 997 3694 durch
1014 3644 1168 3709 Speculanten
1185 3644 1296 3700 schtitrte,
1314 3641 1445 3706 geschnhen

277 3726 391 3776 auweilen
412 3728 458 3776 mit
484 3727 579 3776 Verlurt
604 3728 653 3776 und
678 3728 819 3791 wenigsteus
843 3744 872 3776 zu
898 3729 975 3776 einem
1002 3727 1133 3776 Minimum
1151 3728 1190 3776 des
1208 3726 1392 3791 Marktpreises;
1410 3725 1445 3772 sie

276 3825 351 3858 waren
369 3809 484 3860 ebehsalls
500 3811 553 3859 eine
569 3811 691 3875 hergition
707 3812 756 3860 und
773 3812 860 3860 landen
878 3828 923 3860 nur
941 3813 966 3859 in
984 3811 1160 3860 beschr'tnktem
1177 3810 1268 3858 Maasse
1284 3825 1357 3873 gegen
1374 3808 1444 3856 einen

276 3892 467 3956 Maganinschein
484 3897 599 3956 (tessera)
617 3899 679 3953 atett,
696 3895 742 3943 den
759 3910 814 3942 mun
832 3894 920 3952 keuste,
937 3895 986 3942 und
1003 3910 1075 3957 gegen
1092 3893 1195 3942 welchen
1213 3909 1267 3941 man
1286 3893 1327 3940 das
1336 3891 1445 3940 Getreide

274 3991 325 4024 aus
342 3977 385 4024 den
404 3977 615 4042 Staatsmagazinen
632 3977 741 4026 ernielt.''
759 4005 790 4014 -
809 3977 910 4026 Schiller
926 3978 953 4026 in
970 3978 1011 4026 Iw.
1022 3994 1043 4026 v.
1053 3977 1109 4025 M.’r
1119 3977 1213 4025 Hendh.
1222 3976 1263 4035 IV,
1273 3976 1307 4033 2²,
1316 3991 1368 4040 pag.
1379 3973 1444 4022 195:

274 4060 379 4124 „Auser
406 4060 485 4108 diesen
510 4061 660 4110 Geschenken
686 4061 807 4110 verkenlte
831 4061 893 4109 noch
915 4061 953 4108 die
970 4061 1102 4124 Regierunu
1119 4060 1226 4109 Getreide
1243 4076 1272 4108 zu
1289 4059 1443 4122 niedrigerem

277 4142 433 4206 Marktpreise
449 4160 481 4192 an
497 4145 555 4192 drzu
573 4145 725 4208 Berechtigte
742 4145 809 4193 nicht
826 4145 901 4193 selten
918 4145 964 4193 mit
981 4143 1098 4193 Verlust.”
1116 4171 1148 4180 -
1166 4143 1203 4192 Ol.
1220 4144 1290 4192 etiam
1302 4141 1444 4190 Mommseni

275 4226 416 4276 sententiam
434 4227 463 4276 de
479 4226 572 4276 tesseris
589 4228 737 4288 nummariis,
754 4244 825 4292 quem
842 4228 896 4277 vide
912 4228 938 4276 in
955 4228 1061 4292 proxima
1076 4227 1168 4292 pagina.
