3296 5008
734 523 799 589 289

172 707 321 767 exeunte
357 701 498 768 demum
535 701 622 767 vixit
655 701 790 768 saeculo
825 707 947 789 quarto
981 707 1015 768 et
1037 701 1177 768 ineunte
1203 701 1346 788 quinto:

176 815 319 902 „inopie
354 814 405 880 vel
442 815 555 901 potius
578 822 709 899 egestas
732 815 861 881 ordinis
884 814 1092 881 Formiani.''
1118 815 1194 900 (Ep.
1219 813 1263 890 X,
1290 814 1346 900 10)

218 929 273 992 Ex
298 927 390 1008 locis,
416 950 501 1014 quos
524 950 544 994 a
568 929 789 994 diversisimis
812 929 1034 1016 scriptoribus
1057 935 1235 994 mutuatus
1258 949 1346 1008 sum,

172 1041 244 1106 iam
290 1049 432 1128 apparet
466 1043 502 1107 in
538 1042 703 1109 vocabulo
735 1065 859 1128 pauper
891 1043 999 1109 inesse
1035 1043 1220 1121 notionem,
1258 1063 1346 1128 quae

174 1155 298 1220 melius
321 1155 396 1222 aliis
419 1154 550 1221 collatis
573 1177 679 1243 quam
701 1157 847 1243 ipseper
859 1178 894 1222 se
907 1157 1065 1241 cognosci
1077 1163 1179 1242 atque
1193 1154 1349 1240 intellegi

174 1269 289 1357 possit.
314 1270 435 1355 Itaque
459 1271 638 1336 sescenties
656 1292 782 1355 pauper
804 1270 900 1336 diviti
922 1270 1117 1357 opponitur,
1135 1290 1350 1355 quamquem

172 1383 209 1447 in
246 1389 389 1469 utraque
425 1404 507 1451 voce
537 1383 626 1450 inest
654 1382 857 1468 significatio
882 1384 992 1468 magis
1015 1373 1220 1450 adumbrata
1243 1403 1349 1468 quam

173 1496 326 1562 definita.
383 1497 425 1562 In
470 1497 643 1562 Ciceronis
688 1496 848 1584 operibus
886 1496 928 1562 de
963 1496 1182 1583 philosophia
1217 1475 1371 1578 decemj

172 1611 209 1675 in
246 1610 456 1676 orationibus
491 1609 576 1676 duos
609 1609 792 1676 numeravi
827 1608 929 1690 locos,
964 1609 1024 1676 ubi
1057 1610 1140 1676 dives
1162 1615 1196 1677 et
1219 1609 1352 1676 dicitius

171 1725 311 1810 pauperi
344 1730 378 1789 et
406 1725 594 1809 paupertati
629 1723 784 1810 opposita
818 1729 909 1789 sunt.
956 1723 1123 1789 Rhetores
1158 1728 1275 1805 autem
1298 1722 1352 1788 his

176 1836 353 1903 vocabulis
387 1837 437 1902 uti
472 1836 590 1914 solent,
627 1843 664 1902 ut
698 1837 899 1923 pecuniosos
933 1837 1115 1921 seiungunt
1149 1836 1192 1902 ab
1216 1836 1267 1917 iis,
1291 1836 1353 1922 qui

176 1971 301 2037 parum
336 1949 458 2036 opibus
490 1951 644 2016 floreant.
690 1950 791 2029 Quod
826 1972 881 2016 me
917 1950 1071 2031 adduxit,
1109 1956 1147 2015 ut
1181 1950 1217 2014 in
1249 1949 1353 2016 huius

176 2063 334 2150 opusculi
379 2061 478 2129 titulo
523 2064 626 2129 etiarn
666 2063 873 2130 vocabulum
910 2086 1033 2150 pauper
1066 2063 1259 2129 scriberem.
1316 2062 1353 2130 si

176 2177 271 2243 enim
296 2176 395 2243 titulo
422 2177 492 2257 „De
515 2199 598 2245 cure
620 2176 801 2262 eqentium”
826 2198 907 2243 usus
928 2198 1046 2257 essem,
1061 2177 1097 2241 in
1110 2176 1352 2262 nimisexiguo

177 2314 271 2379 gyro
286 2298 456 2359 coartatus
479 2292 567 2357 mihi
592 2291 735 2358 viderer.
