3274 4998
749 483 812 550 193

370 662 481 729 Ducat
501 659 619 728 nubila
642 661 798 749 Iuppiter
821 682 882 748 per
905 662 1025 729 orbem

370 777 414 842 Et
435 775 513 841 latis
536 774 671 862 pluvias
694 776 846 842 minetur
868 777 969 861 agris

371 889 464 954 Dum
488 889 595 955 nostri
617 888 710 957 Iovis
733 889 769 954 hi
793 889 947 955 ferantur
968 889 1105 957 imbres.

414 1003 501 1069 Eece
525 1008 642 1069 autem
665 1025 785 1071 caveas
809 1003 900 1069 subit
922 1025 984 1090 per
1006 1004 1118 1070 omnis

370 1115 519 1201 Insignis
542 1117 663 1203 specie,
688 1117 810 1183 decora
834 1117 928 1183 cultu

371 1229 491 1295 Plebes
514 1229 620 1295 altera
644 1252 712 1296 non
737 1231 850 1296 minor
873 1231 1021 1297 sedente.

372 1343 419 1407 Hi
444 1343 585 1430 panaria
608 1344 838 1430 candidasque
862 1365 1006 1430 mappas

369 1455 580 1522 Subveetant
603 1457 790 1544 epulasque
813 1457 994 1538 lautiores3

370 1569 427 1635 Illi
453 1571 604 1638 marcida
630 1571 711 1636 vina
733 1570 949 1656 largiuntur:

369 1675 489 1741 Idaeos
511 1675 652 1742 totidem
678 1682 778 1762 putes
802 1676 984 1742 ministros.

371 1788 509 1870 Orbem,
535 1811 604 1876 qua
627 1789 748 1856 melior
778 1790 996 1876 severiorque
1021 1795 1080 1871 est,

370 1903 415 1968 Et
437 1908 555 1988 gentes
579 1902 641 1969 alis
664 1903 807 1970 insemel
831 1909 962 1988 togatas

370 2015 415 2081 nt
437 2037 518 2082 oum
542 2021 591 2082 tot
615 2016 758 2104 populos
781 2015 881 2082 beata
904 2037 1031 2103 pascas,

371 2127 486 2210 Hune,
511 2130 670 2212 Annona,
695 2131 787 2196 diem
811 2129 957 2216 superba
976 2129 1094 2195 neseis.

371 2243 504 2310 Inuno
528 2243 663 2310 saecula
684 2265 856 2330 compara,
881 2244 1052 2324 Vetustas,

371 2357 516 2444 Antiqui
539 2356 631 2423 Iovis
654 2378 866 2444 aureumque
891 2362 1046 2444 tempus:

370 2471 449 2537 Non
472 2453 518 2537 sio
541 2470 649 2537 libera
672 2471 754 2538 vina
778 2477 860 2538 tuno
884 2469 1038 2536 fluebant

370 2584 442 2650 Neo
465 2584 604 2650 tardum
626 2607 721 2670 seges
744 2584 933 2672 occupabat
956 2605 1098 2650 annum.

370 2698 450 2765 Una
473 2699 620 2765 vescitur
644 2699 755 2764 omnis
778 2699 859 2764 ordo
883 2719 1010 2779 mensa,

372 2811 485 2893 Parvi,
509 2812 647 2892 femina,
672 2811 779 2899 plebe,
805 2833 919 2899 eques,
945 2816 1103 2878 senatus:

370 2924 526 2991 Libertas
550 2926 779 2994 reverentiam
802 2926 941 2992 remisit.

369 3037 414 3103 Et
436 3045 474 3104 tu
500 3037 525 3126 ¹)
550 3039 763 3126 quinetiam
790 3077 828 3088 -
855 3040 931 3126 quis
957 3039 1022 3106 hoo
1046 3037 1171 3120 vooari,

370 3151 456 3230 Quis
478 3153 676 3239 promittere
700 3153 805 3239 possit
828 3153 893 3219 hoo
916 3153 1088 3220 deorum?
1110 3190 1155 3202 -

374 3265 561 3332 Nobiscum
585 3266 693 3332 socias
716 3266 820 3353 dapes
847 3266 951 3332 inisti.

368 3379 444 3444 Iam
468 3401 512 3461 se,
537 3379 692 3468 quisquis
715 3380 744 3445 is
767 3386 817 3446 est
841 3381 951 3466 inops,
977 3379 1097 3445 beatus

369 3492 561 3560 Convivam
584 3493 681 3560 ducis
705 3515 775 3560 osse
796 3493 993 3579 gloriatur.''

236 3604 295 3673 Vs.
319 3605 362 3671 65
385 3627 499 3692 seqq:

372 3711 467 3792 ,Iam
490 3712 598 3778 noctis
623 3712 839 3801 propioribus
864 3711 926 3779 sub
951 3710 1080 3778 umbris

369 3825 474 3892 Dives
496 3827 624 3912 sparsio
647 3827 673 3913 ²)
697 3848 782 3915 quos
804 3827 876 3912 agit
899 3826 1086 3892 tumultuet

227 3978 244 4040 ¹)
278 3980 413 4029 Sermonem
431 3981 547 4030 convertit
563 3984 631 4046 poeta
649 3981 674 4029 in
695 3981 865 4040 Domitianum,
884 3981 926 4046 qui
943 3997 998 4030 enm
1015 3980 1103 4045 populo
1120 3980 1231 4030 accubare
1250 3997 1299 4030 non
1310 3997 1361 4046 gro·

191 4065 259 4110 votus
280 4066 321 4112 eet.

224 4144 243 4206 ¹)
277 4145 383 4195 Vollmer
398 4147 428 4195 od
445 4147 468 4195 h,
487 4146 521 4194 l.:
540 4147 652 4212 „sparsio
668 4147 701 4196 im
720 4147 898 4212 Amphitheater
915 4147 1024 4196 bedentet
1040 4147 1189 4211 gewdhnlioh
1199 4149 1360 4214 dieBeepren·

188 4242 253 4292 gang
271 4229 316 4278 mit
332 4230 537 4280 wohlrieohenden
551 4231 672 4280 *Essenzen
690 4232 743 4282 Seu.
778 4231 808 4296 Q
826 4231 857 4280 N.
875 4232 901 4279 II
919 4233 942 4280 9.
961 4231 974 4278 1
993 4229 1104 4281 Controv.
1124 4232 1155 4281 10
1173 4233 1246 4297 praef.
1264 4233 1360 4291 9,wohl
