3274 4998
865 499 908 563 92

297 674 429 763 sibique
464 675 563 742 solita
597 676 729 742 ratione
763 676 896 742 victum
931 696 1094 762 quaerere
1129 679 1276 762 possent,
1300 673 1372 739 iam
1395 693 1466 739 esse

296 794 483 875 coeperunt
504 810 671 876 pauperes
683 789 849 870 homines,
863 789 924 876 qui
936 793 1070 875 praeter
1080 788 1126 869 id,
1141 788 1233 875 quod
1245 808 1352 852 manu
1363 792 1467 873 atque

226 927 229 932 ·
298 903 402 968 armis
422 903 676 990 quaesivissent,
701 903 789 968 nihil
813 902 1033 989 possiderent,
1060 901 1185 987 quibus
1196 900 1287 967 bello
1299 900 1396 966 finito
1410 921 1468 965 ne-

298 1016 442 1082 cessario
464 1022 537 1081 erat
559 1016 840 1082 consulendum.''
856 1016 881 1103 ¹)
897 1017 940 1081 In
959 1037 994 1082 re
1007 1015 1141 1100 agraria
1152 1015 1189 1080 G.
1202 1014 1332 1080 Marius
1344 1036 1468 1100 parum

298 1128 427 1209 valuit;
451 1151 536 1195 nam
558 1129 685 1216 Apulei
707 1130 857 1217 Titiique
874 1129 1066 1214 rogationes
1083 1128 1235 1214 agrariae
1248 1127 1468 1215 optimatium

297 1243 546 1329 conspiratione
581 1265 759 1330 oppressae
798 1248 887 1310 suut.
914 1241 941 1329 ε)
988 1243 1027 1308 L.
1059 1241 1155 1308 Sulla
1185 1240 1388 1307 adversariis
1412 1240 1468 1307 de·

297 1356 396 1422 victis
419 1362 453 1422 et
474 1355 602 1442 ubique
626 1378 644 1422 e
667 1356 934 1443 possessionibus
946 1345 1136 1422 exturbatis
1148 1355 1274 1441 passim
1288 1359 1468 1420 veteranos

297 1490 375 1535 suos
407 1469 445 1534 in
475 1469 565 1554 agris
587 1475 659 1535 tam
681 1469 827 1557 publicis
851 1492 957 1557 quam
981 1469 1124 1556 privatis
1147 1467 1332 1558 constituit.

342 1583 511 1649 Venimus
533 1583 576 1648 ad
599 1583 636 1649 P.
661 1581 846 1650 Servilium
867 1582 1013 1648 Rullum
1030 1581 1219 1663 tribunum,
1232 1587 1468 1666 contraquam

299 1695 416 1762 Cicero
439 1696 607 1762 orationes
629 1696 751 1762 habuit
777 1697 838 1776 ,de
861 1697 936 1782 lege
960 1696 1124 1781 agraria.'’
1149 1695 1200 1760 De
1225 1694 1290 1760 hoc
1314 1693 1351 1759 P.
1364 1693 1469 1760 Rullo

299 1809 439 1896 eiusque
463 1810 647 1894 rogatione,
672 1831 743 1876 non
768 1811 883 1876 minus
908 1831 1014 1897 quam
1036 1809 1078 1875 de
1091 1807 1263 1888 Gracchis,
1276 1807 1366 1872 inter
1377 1807 1469 1874 viros

300 1922 415 1989 doctos
439 1923 527 1988 mira
551 1930 681 2010 quanta
694 1923 856 1990 dissensio
869 1930 927 1990 est.
941 1922 967 2010 8)
995 1922 1094 1988 Alius
1112 1921 1207 1988 Rulli
1218 1921 1400 1987 consilium
1411 1943 1468 1989 ve-

337 2152 353 2212 1)
370 2151 459 2214 Zumpt
477 2151 570 2200 Oomm.
587 2149 670 2214 Epigr.
688 2151 701 2199 l
718 2166 769 2214 pag.
789 2151 845 2198 205.

334 2233 355 2294 5)
371 2233 408 2282 Gi.
427 2234 505 2297 Marq.
522 2233 539 2282 l.
558 2232 574 2282 l.
593 2249 645 2297 pag.
665 2233 720 2282 110.

332 2316 390 2376 'ld
415 2317 534 2380 Zumptio‚
561 2333 633 2380 quem
659 2317 800 2378 Msrquardt
826 2317 853 2376 (l.
869 2315 886 2365 l.
912 2333 963 2380 pag.
992 2316 1040 2363 112
1065 2316 1123 2379 seq.)
1140 2317 1233 2363 secutus
1250 2317 1292 2371 est,
1310 2313 1377 2363 Rulli
1394 2315 1470 2363 eonsi-

299 2400 360 2448 lium
385 2399 495 2448 laudibus
520 2400 616 2448 effertur
641 2398 667 2459 (l.
686 2398 703 2446 l.
731 2415 781 2462 pag.
810 2399 885 2456 113)ι
921 2398 1004 2463 ,Sulla
1028 2398 1093 2446 enim
1118 2413 1173 2445 eum
1196 2397 1270 2445 totius
1287 2395 1371 2445 Italiae
1387 2397 1472 2445 faciem

299 2485 472 2538 commutasset,
499 2481 616 2546 plurimos
641 2481 750 2530 homines
775 2499 824 2530 non
849 2498 877 2530 ex
903 2481 998 2530 sedibus
1023 2481 1092 2529 modo
1109 2480 1159 2528 suis
1175 2480 1216 2528 sed
1231 2495 1259 2528 ex
1276 2479 1387 2528 omuibus
1404 2479 1473 2529 bonis

298 2565 426 2620 evertisset,
453 2565 479 2612 11
504 2564 567 2628 agris
595 2565 682 2628 ereptis
707 2564 797 2613 alienos
814 2565 904 2613 milites
920 2564 1057 2612 collocasset
1070 2562 1108 2612 vel
1126 2578 1183 2627 quoa
1200 2577 1268 2626 agros
1285 2579 1333 2610 non
1351 2563 1472 2620 diviserat,

299 2648 388 2712 passim
417 2646 560 2710 potentibus
584 2648 730 2710 occupandos
755 2647 911 2704 concessisset,
937 2647 1021 2710 ingens
1047 2645 1176 2694 multitudo
1193 2644 1326 2693 'homiuum
1353 2646 1474 2708 egentium

301 2733 353 2779 orta
376 2733 433 2786 erat,
458 2730 488 2778 ad
513 2745 607 2777 omnem
630 2729 775 2792 reipublicae
800 2735 898 2778 ventum
915 2746 942 2777 ac
958 2733 1119 2794 tempestatem
1135 2729 1234 2776 intenta.
1269 2728 1308 2788 (In
1325 2729 1475 2776 adnotatione

302 2813 383 2861 addit:
420 2812 487 2875 „Hac
511 2815 590 2860 autem
615 2812 666 2875 ipsa
691 2828 716 2860 re
740 2813 767 2860 P.
794 2812 923 2860 Servilium
949 2813 975 2861 in
1003 2811 1054 2875 lege
1079 2811 1170 2860 senatui
1196 2810 1315 2874 probanda
1341 2813 1410 2859 usum
1427 2827 1476 2858 esse

301 2895 404 2942 ostendit
429 2894 479 2942 Cic.
506 2895 533 2942 iu
550 2893 615 2943 Rull.
633 2895 666 2951 ΙΙ,
685 2895 724 2951 26,
743 2895 909 2946 70.......'’
943 2895 979 2943 De
996 2895 1065 2942 modo
1082 2911 1129 2958 quo
1146 2894 1229 2941 Cicero
1246 2893 1285 2941 hic
1303 2892 1377 2941 Rullo
1393 2893 1475 2942 odium

303 2978 402 3026 conflare
418 2981 517 3025 conatur
534 2979 563 3026 ci.
581 2978 644 3026 inira
656 2994 706 3042 pag.
722 2979 817 3026 94111.
828 2979 852 3038 3)
870 2978 964 3044 Quibus
973 2977 1143 3026 consulendum
1152 2993 1201 3025 esse
1209 2977 1252 3025 etsi
1261 2977 1303 3040 qui
1313 2977 1476 3040 prudentiores

304 3063 372 3109 erant
397 3059 578 3124 intelligebant,
596 3065 674 3109 tamen
701 3077 751 3118 neo,
778 3062 820 3125 qui
837 3061 929 3125 legibus
951 3060 1069 3110 Corneliis
1085 3076 1152 3124 agros
1168 3063 1311 3124 acceperant,
1328 3059 1384 3123 quia
1400 3077 1429 3109 ex
1446 3061 1476 3108 iia

305 3142 399 3207 legibus
424 3149 565 3206 acceperant,
592 3159 652 3207 quae
669 3143 720 3191 sine
736 3144 856 3192 eversione
873 3144 947 3192 totius
964 3143 1109 3208 reipublicae
1126 3143 1213 3191 mutari
1231 3142 1367 3206 nequibant,
1385 3143 1476 3191 moveri

269 3215 271 3220 ¹
304 3242 370 3290 posse
395 3225 543 3282 videbantur,
569 3230 593 3274 et
618 3227 659 3290 qui
686 3231 767 3274 contra
783 3226 845 3290 leges
862 3222 1020 3290 possederant,
1037 3242 1076 3274 eos
1093 3225 1212 3274 exturbari
1231 3229 1280 3273 erat
1297 3225 1361 3274 illud
1378 3226 1475 3289 quidem

304 3308 402 3363 iustum,
429 3308 469 3356 sed
493 3308 545 3370 ipso
570 3325 653 3372 genere
678 3309 839 3372 periculosum
865 3309 1029 3373 terrebantqus
1046 3309 1205 3357 Gracchorum
1223 3308 1307 3364 exitus,
1325 3307 1367 3372 qui
1385 3308 1475 3357 similia

305 3391 357 3438 ausi
376 3390 440 3438 ioede
456 3391 582 3454 perierant.
601 3391 678 3456 Quare
696 3392 715 3439 si
733 3406 787 3440 vere
803 3392 908 3440 iudicare
926 3391 1040 3448 volemus,
1058 3390 1160 3439 Servilia
1172 3390 1274 3453 haelege
1283 3389 1475 3439 conciliationem

306 3473 423 3537 quandam
445 3475 583 3536 temptatam
599 3489 648 3521 esse
664 3474 770 3522 dicemus
788 3474 851 3522 inter
867 3491 912 3530 eos,
929 3474 970 3537 qui
988 3477 1042 3522 ante
1059 3473 1150 3522 Sullam
1166 3489 1234 3537 agros
1252 3472 1337 3522 ltaliae
1345 3472 1476 3522 habueruut

305 3561 329 3605 et
353 3556 416 3604 iuter
441 3554 552 3604 Sullanos
577 3556 692 3615 homiues,
718 3574 777 3621 quae
799 3558 933 3606 conciliatio
958 3558 978 3605 si
1003 3562 1056 3606 tum
1073 3561 1132 3606 esset
1149 3558 1257 3619 perlecta,
1275 3573 1318 3605 nee
1334 3556 1476 3606 Oatiliuaria

305 3638 356 3687 ulls
380 3638 479 3687 existere
495 3639 574 3702 potuit
591 3639 722 3688 coniuratio
739 3657 782 3688 nec
799 3641 883 3688 Caesar
900 3657 1018 3689 summam
1035 3641 1062 3689 iu
1080 3657 1104 3688 re
1121 3639 1217 3704 publica
1233 3639 1334 3703 adipisci
1354 3639 1474 3704 imperii.”

304 3721 369 3770 ldem
383 3721 409 3769 in
427 3721 568 3785 praefatione
585 3722 704 3779 editionis,
726 3739 798 3786 quum
817 3724 907 3786 paravit
925 3725 953 3772 de
970 3724 1005 3771 M.
1023 3723 1099 3772 Tullii
1118 3723 1240 3771 Ciceronis
1248 3722 1393 3772 orationibus
1401 3723 1475 3771 tribus

306 3805 334 3853 de
356 3803 407 3867 lege
433 3804 525 3867 agraria
556 3809 616 3869 (pag.
643 3805 723 3864 XIV):
753 3806 835 3870 „Quae
859 3823 913 3855 cum
930 3807 963 3854 ita
980 3807 1035 3865 sint,
1052 3805 1154 3854 Rullum
1170 3805 1331 3869 intelligemus
1348 3822 1433 3870 magna
1454 3811 1477 3856 et

304 3885 461 3934 moderatione
487 3889 510 3934 et
535 3887 660 3950 prudentia
688 3888 714 3936 in
740 3887 790 3952 lege
817 3889 906 3952 agraria
932 3890 1026 3937 ferenda
1052 3905 1101 3936 esse
1127 3905 1206 3946 usum,
1231 3904 1280 3937 non
1305 3892 1354 3936 tam
1374 3890 1476 3953 partium

306 3967 384 4016 studio
406 3968 503 4016 ductum
535 3985 606 4032 quam
632 3970 735 4019 utilitate
760 3971 863 4034 publiea,
891 3976 918 4020 ut
943 3971 1112 4036 rempublicam
1134 3971 1273 4026 emendaret,
1300 3972 1404 4034 partium
1423 3988 1475 4020 con·

307 4049 423 4099 tentiones
448 4050 573 4106 minueret,
599 4052 662 4115 quod
696 4051 749 4101 urbi
776 4053 905 4117 Italiaeque
932 4055 1056 4118 prodesset,
1079 4054 1220 4118 perageret.”
1239 4081 1270 4089 -
1289 4053 1321 4101 Ut
1337 4070 1351 4101 a
1367 4054 1476 4118 Zumptio

308 4132 425 4189 laudatur,
451 4132 484 4178 ita
508 4147 522 4179 a
547 4133 663 4182 Roschero
689 4135 758 4198 (Syst.
785 4137 807 4185 d.
835 4135 1029 4184 Volkswirthsch.
1057 4137 1092 4184 Ι18
1117 4153 1167 4200 pag.
1196 4136 1253 4196 182)
1277 4136 1425 4185 vehementer
1440 4138 1475 4185 vi·

309 4216 447 4279 tuperatur:
481 4213 554 4276 ,Sem
579 4215 626 4264 viel
652 4217 731 4266 weiter
766 4219 826 4266 noch
859 4219 944 4282 gingeu
979 4219 1016 4267 die
1050 4218 1235 4267 socialistischen
1253 4218 1327 4266 Pliine
1354 4219 1394 4267 des
1417 4219 1474 4267 Rul-
