3226 4998
698 505 717 568 3

119 682 316 771 quidquam
344 683 536 768 ingenuum
570 683 695 749 habere
731 687 841 768 potest
864 682 1031 748 officina.''
1059 681 1083 769 1)
1106 681 1162 748 Ab
1186 683 1292 750 altera

118 801 215 882 parte
238 796 345 880 igitur
367 799 467 884 pauci
491 797 685 883 locupletes
711 795 898 860 fundorum
921 795 989 861 late
1013 795 1206 882 patentium
1218 818 1293 884 pos·

116 929 270 990 sessores
306 909 349 975 ab
382 910 489 976 altera
523 911 645 994 ingens
667 909 721 975 vis
744 909 930 993 egentium,
952 909 1012 994 qui
1035 909 1145 994 magis
1168 910 1292 995 magis-

54 1027 56 1032 ’
117 1043 186 1107 que
205 1021 354 1087 Romam
377 1023 604 1088 confluebant.
651 1021 736 1086 Inde
761 1020 898 1086 crebrae
923 1021 1148 1088 dissensiones
1170 1023 1291 1089 turbae

117 1140 240 1200 motus.
288 1135 599 1202 Prudentissimum
634 1155 806 1222 quemque
841 1155 912 1200 non
940 1133 1094 1218 fugiebat
1121 1141 1292 1222 quantum

56 1264 59 1268 ’
118 1249 167 1314 rei
186 1247 348 1334 publicae
372 1249 549 1314 interesset
573 1256 612 1314 ut
635 1247 875 1314 subveniretur
898 1246 1048 1332 dilapsae
1062 1247 1291 1332 agriculturae

117 1368 152 1425 et
186 1359 344 1426 seditiosa
372 1361 432 1426 illa
455 1362 551 1448 plebs
574 1362 686 1428 Roma
709 1367 951 1426 removeretur.
998 1360 1122 1426 Primo·
1139 1384 1183 1427 ex
1206 1363 1293 1428 anti·

118 1494 188 1559 qua
222 1474 351 1540 ratione
385 1474 609 1561 locupletium
632 1475 856 1561 possessiones
879 1473 1184 1560 impugnabantur,
1209 1497 1292 1542 mox

116 1575 198 1652 cum
231 1608 371 1672 operam
405 1589 531 1654 frustra
554 1589 710 1654 consumi
739 1594 926 1673 appareret,
952 1586 1019 1652 alia
1041 1588 1098 1654 via
1122 1588 1208 1654 inita
1232 1595 1291 1655 est.

116 1701 195 1765 Non
219 1699 317 1766 aliter
340 1722 378 1766 ac
403 1702 463 1787 qui
487 1701 587 1767 hodie
612 1700 831 1787 appellantur
857 1700 1104 1782 ,Socialistae'',
1128 1702 1214 1768 inre
1227 1724 1288 1788 pu-

105 1813 206 1878 blica
241 1835 380 1878 omnem
403 1837 500 1900 spem
522 1813 699 1900 ponebant
721 1813 912 1900 populares.
959 1815 1038 1880 Non
1061 1814 1173 1880 solum
1201 1816 1293 1901 quic·

117 1926 203 2012 quid
230 1927 303 2010 agri
325 1927 455 2012 publici
479 1934 654 2013 supererat
676 1934 715 1991 ut
731 1927 942 1993 divideretur
962 1927 1173 2012 flagitabant,
1200 1929 1293 2014 quod

116 2040 145 2104 si
179 2039 309 2105 locatus
340 2041 450 2105 fuerat
473 2041 545 2106 sine
570 2041 693 2106 aerarii
716 2041 921 2106 detrimento
945 2041 1019 2105 fieri
1042 2061 1113 2106 non
1136 2047 1290 2127 poterat;

117 2152 177 2218 sed
211 2175 254 2218 ne
289 2153 424 2239 publice
459 2155 528 2218 emi
552 2154 693 2240 quidem
723 2175 830 2238 agros
856 2154 916 2239 qui
939 2153 1003 2218 sibi
1027 2155 1290 2238 assignarentur,

117 2265 306 2352 quicquam
350 2267 447 2352 pensi
492 2266 675 2332 habebant.
721 2267 864 2332 Publico
907 2273 1047 2353 sumptu
1081 2274 1115 2332 et
1148 2267 1292 2354 inopum

115 2379 247 2446 civium
270 2386 304 2444 et
323 2387 564 2446 veteranorum
587 2380 738 2446 coloniae
763 2379 1019 2446 deducebantur
1041 2401 1122 2445 cum
1142 2381 1180 2445 in
1192 2381 1293 2446 Italia

115 2499 193 2558 tum
226 2493 263 2557 in
296 2493 455 2558 subiectis
489 2495 596 2559 terris.
643 2495 757 2558 Immo
781 2515 862 2558 cum
889 2493 990 2558 Italia
1013 2493 1172 2560 civilibus
1195 2493 1293 2560 bellis

82 2588 83 2592 Ἰ
114 2605 250 2671 arderet
283 2628 326 2671 ne
355 2607 489 2693 privata
513 2607 656 2694 quidem
678 2607 768 2672 bona
790 2613 865 2672 tuta
890 2613 1008 2672 erant:
1034 2606 1163 2692 ubique
1187 2607 1291 2693 possi·

115 2721 274 2785 dentium
296 2721 488 2787 eversiones
511 2743 675 2786 cerneres.

163 2834 324 2899 Ceterum
354 2835 437 2900 haec
472 2835 698 2918 agriculturae
727 2834 888 2900 medendi
911 2834 997 2900 ratio
1021 2855 1146 2920 parum
1169 2835 1290 2901 efficax

118 2954 200 3013 erat.
247 2947 473 3013 Servitiorum
496 2948 628 3012 malum
642 2949 816 3032 integrum
828 2948 1063 3034 permanebat.
1088 2947 1290 3034 Locupletes

119 3083 227 3128 novas
250 3082 387 3148 quoque
411 3061 610 3127 colonorum
633 3068 738 3126 sortes
750 3061 970 3126 coemebant:
989 3063 1142 3128 veterani
1157 3083 1288 3148 „neque

82 3257 84 3262 Ι
115 3175 284 3259 coniugiis
307 3175 531 3261 suscipiendis
553 3196 664 3261 neque
689 3174 820 3240 alendis
842 3173 958 3240 liberis
982 3175 1069 3240 sueti
1092 3173 1191 3240 orbas
1215 3175 1287 3240 sine

116 3289 259 3375 posteris
271 3288 389 3354 domos
401 3287 671 3374 relinquebant'.
686 3287 712 3374 ²)
725 3288 964 3368 Frumentum,
978 3309 1059 3352 cum
1071 3287 1287 3353 abundanter

117 3423 350 3487 magnamque
385 3408 518 3488 partem
543 3402 699 3488 impensa
722 3400 861 3487 publica
884 3423 928 3466 ex
950 3401 1136 3487 provinciis
1158 3401 1286 3488 impor-

116 3522 255 3595 taretur,
268 3515 305 3579 in
316 3515 391 3601 ipsa
401 3515 502 3580 Italia
513 3522 692 3601 sumptum
704 3536 805 3580 suurn
817 3536 888 3580 non
900 3514 1074 3580 sarciebat.
1092 3515 1140 3580 At
1151 3520 1286 3601 praeter

117 3631 203 3695 haec
226 3628 352 3709 omnia,
375 3650 419 3694 ne
443 3628 651 3712 agricultura
673 3628 795 3694 laetius
819 3628 1041 3694 effloresceret
1064 3628 1215 3694 maxime
1230 3627 1287 3693 ob
1398 3671 1399 3674 =

88 3761 101 3808 ·.
117 3742 254 3809 stabant
284 3743 377 3828 ipsae
398 3741 586 3822 illecebrae,
612 3741 736 3828 quibus
758 3742 915 3806 homines
937 3741 1086 3807 Romam
1108 3740 1288 3806 traheban-

118 3864 184 3938 tur,
209 3861 248 3920 ut
270 3855 434 3920 frumenti
457 3861 490 3920 et
512 3855 765 3940 congiariorum
788 3854 1051 3936 distributiones,
1077 3853 1207 3942 epulae,
1239 3855 1288 3921 vi·

119 3969 332 4050 sacrationes,
355 3968 438 4049 ludi,
464 3975 497 4034 et
520 3990 606 4055 quae
630 3975 710 4034 sunt
732 3969 866 4053 generis
881 3967 1043 4034 eiusdem.
1067 3967 1234 4047 Quamvis
1250 3967 1287 4032 in

122 4099 316 4111 ———·

153 4119 180 4204 η’
197 4143 248 4192 ca.
266 4145 302 4192 ne
319 4143 365 4192 os.
382 4143 403 4200 1,
420 4143 461 4199 42,
480 4142 535 4192 150.

152 4227 172 4288 ²)
196 4227 250 4276 Tac.
270 4225 410 4283 lnaxlv,
428 4225 467 4278 27.
