3274 4998
808 513 872 580 122

297 691 415 758 Simile
456 682 555 780 quid'
573 691 645 758 iem
677 691 854 777 Augustus
889 692 1015 759 lecerat
1050 690 1111 777 qui
1145 689 1307 756 Suetonio
1342 693 1426 756 teste

256 806 434 892 „quotiens
456 828 501 872 ex
523 805 767 872 damnatorum
789 805 889 872 bonis
911 805 1059 893 pecunia
1076 804 1310 890 superflueret,
1324 824 1427 868 usum

253 920 327 986 eius
348 920 539 1005 gratuitum
561 920 603 985 iis
626 920 687 1007 qui
710 941 830 986 cavere
853 920 890 984 in
915 918 1062 1005 duplum
1085 923 1222 1004 possent
1237 916 1426 983 adcertum

253 1039 390 1120 tempus
412 1032 587 1099 indulsit’'.
613 1032 639 1120 1)
683 1033 783 1098 Idem
806 1038 943 1098 auctore
968 1033 1100 1098 Zonara
1123 1031 1213 1096 circa
1240 1051 1371 1096 annum
1395 1050 1425 1095 a.

252 1169 286 1213 u.
324 1169 352 1213 c.
377 1147 443 1212 756
466 1147 512 1234 (p.
537 1147 617 1212 Chr.
641 1169 675 1212 n.
700 1146 734 1233 3)
758 1146 800 1212 iis
823 1147 884 1233 qui
907 1146 1023 1232 inopia
1047 1149 1286 1231 premerentur
1310 1148 1426 1216 sester-

252 1261 342 1328 tium
376 1261 555 1328 sescenties
589 1261 626 1326 in
650 1261 839 1326 triennium
862 1265 1025 1324 mutuum
1048 1259 1142 1324 dedit
1165 1258 1237 1324 sine
1261 1278 1373 1323 usura.
1398 1255 1425 1343 ²)

297 1374 416 1440 Restat
449 1381 488 1440 ut
522 1395 632 1460 pauca
666 1374 779 1440 dicem
816 1373 858 1438 de
893 1372 1003 1438 tribus
1035 1371 1119 1438 locis
1153 1369 1426 1457 eScriptoribus

252 1488 425 1554 Historiae
459 1487 646 1572 Augustae.
672 1487 774 1553 Sunt:
801 1509 822 1552 a
843 1485 908 1552 Iul.
934 1486 1045 1572 Capit.
1070 1485 1198 1550 Anton.
1222 1484 1304 1548 Pius
1328 1484 1358 1564 2,
1383 1483 1425 1547 8:

256 1601 374 1682 „Idem
406 1602 505 1666 fenus
531 1601 758 1681 trientarium,
788 1600 853 1666 hoc
877 1605 927 1664 est
951 1599 1105 1664 minimis
1129 1597 1240 1663 usuris
1263 1596 1427 1676 exercuit,

253 1721 292 1780 ut
315 1715 522 1800 patrimonio
546 1736 606 1780 suo
639 1714 806 1801 plurimos
825 1713 1049 1794 adiuuaret'';
1074 1751 1119 1761 —
1142 1712 1160 1776 b
1182 1709 1357 1796 Lamprid.
1383 1709 1428 1774 A·

252 1828 319 1894 lex.
344 1828 420 1894 Sev.
446 1829 498 1909 21,
524 1829 565 1894 2;
594 1828 728 1908 „Fenus
741 1827 921 1914 publicum
932 1826 1150 1892 trientarium
1163 1824 1316 1890 exercuit
1327 1823 1376 1890 ita
1389 1828 1428 1887 ut

253 1941 461 2028 pauperibus
482 1941 654 2028 plerisque
679 1941 751 2007 sine
776 1941 888 2006 usuris
914 1939 1078 2026 pecunias
1102 1938 1234 2004 dederit
1257 1937 1301 2002 ad
1328 1957 1428 2020 agros

254 2055 426 2136 emendae,
462 2055 653 2121 reddendas
687 2055 729 2120 de
754 2054 963 2134 fructibus’';
987 2091 1032 2102 -
1061 2051 1184 2118 chid.
1212 2051 1264 2132 26,
1291 2051 1332 2115 2;
1362 2049 1428 2129 ,11-

253 2190 349 2234 suras
379 2169 611 2236 feneratorum
645 2169 816 2234 contraxit
849 2168 893 2233 ad
927 2167 1067 2232 trientes
1100 2165 1290 2252 pensiones,
1323 2163 1428 2230 etiam

254 2282 462 2369 pauperibus
496 2281 710 2350 consulens.''
757 2281 840 2347 Illos
875 2280 1092 2368 „plurimos'',
1119 2299 1203 2366 quos
1229 2276 1426 2343 Antoninus

257 2397 339 2462 Pius
372 2396 579 2482 patrimonio
603 2417 663 2461 suo
687 2395 865 2462 adiuvasse
889 2396 1009 2472 fertur,
1035 2393 1137 2458 fuisse
1162 2397 1334 2457 senatores
1358 2410 1428 2455 non
1469 2375 1471 2380 ¹

258 2510 330 2575 sinc
354 2509 506 2576 veritatis
528 2509 639 2596 specie
663 2509 769 2574 sumit
793 2507 1031 2602 Friedldnder.
1056 2505 1082 2593 3)
1105 2506 1211 2571 Hunc
1234 2503 1350 2570 locum
1368 2502 1430 2588 igi-

257 2629 314 2688 tur
336 2623 471 2690 mittere
493 2622 582 2688 licet.
629 2623 707 2690 Non
730 2623 778 2688 ita
801 2628 929 2688 ceteros
951 2619 1063 2686 ambe.
1108 2617 1331 2684 Incommode
1344 2616 1429 2682 acci-

258 2737 309 2802 dit
332 2736 618 2822 quodHistoriae
642 2737 818 2820 Augustae
844 2735 1032 2822 Scriptores
1055 2739 1128 2800 tam
1151 2731 1234 2798 mali
1246 2736 1327 2797 sunt
1337 2729 1429 2795 Lati·

258 2849 375 2915 nitatis
409 2855 571 2931 auctores
606 2856 645 2914 ut
679 2850 748 2915 sint
783 2847 1019 2935 compluribus
1049 2846 1132 2912 locis
1155 2845 1259 2912 etiam
1284 2843 1428 2910 obscuri.

258 2963 300 3028 In
324 2963 378 3028 his
401 2963 505 3029 etiarn
528 2962 684 3028 ducenda
709 2969 788 3042 sunt
817 2984 904 3049 quae
928 2962 984 3026 hic
1008 2965 1193 3026 narrantur
1215 2958 1256 3024 de
1281 2957 1430 3023 Alexan-

259 3077 320 3143 dro
355 3077 500 3144 Severo:
536 3076 780 3164 interpretibus
815 3075 966 3141 multum
1000 3073 1129 3159 negotii
1161 3073 1378 3138 facesserunt.
1403 3069 1429 3156 4)

294 3313 312 3375 ¹)
346 3314 408 3362 Suet.
426 3315 487 3378 Aug.
505 3313 546 3362 41.

293 3406 313 3466 2)
347 3407 428 3455 Zonar.
455 3408 484 3465 X,
502 3409 550 3456 36:
572 3398 689 3474 ηχιλίας
709 3395 757 3456 καὶ
778 3399 977 3463 πεντακοσίας
998 3392 1141 3469 μυριάδας
1151 3391 1296 3472 δραχμῶν
1306 3388 1431 3456 ἀτόκους

260 3497 321 3556 τοῖς
341 3487 484 3563 δεομένοις
505 3489 640 3558 δανείσας
661 3488 709 3550 ἐπ’
730 3489 781 3560 ἔτη
802 3494 868 3566 τρία
890 3489 1020 3576 ἐπῃνεῖτο
1040 3487 1123 3562 παρὰ
1144 3487 1293 3546 πάντων.”

293 3584 313 3644 ³)
347 3584 499 3648 Sittengeech.
527 3586 598 3634 Rome
616 3587 638 3634 1⁶
662 3603 713 3650 pag.
732 3587 788 3634 256.
823 3587 858 3634 De
875 3587 919 3634 hec
937 3587 988 3634 loco
1001 3587 1030 3634 cf.
1040 3585 1108 3632 etiam
1119 3583 1199 3632 Billet.
1209 3582 1226 3630 l.
1237 3581 1253 3630 l.
1263 3598 1315 3646 pag.
1326 3582 1373 3630 196
1383 3598 1431 3644 seq.

293 3668 313 3726 4)
347 3668 439 3730 Durny,
469 3668 532 3718 Hiet.
558 3669 582 3718 d.
609 3670 686 3727 Romo,
705 3670 737 3718 VI
756 3687 807 3734 pag.
826 3671 874 3718 2112
892 3671 924 3718 ita
941 3669 1044 3734 priorem
1061 3667 1140 3716 locum
1158 3665 1291 3728 intellegit:
1311 3664 1349 3728 „11
1367 3663 1431 3728 prete

260 3751 289 3800 de
314 3750 414 3814 l’ergent
441 3750 455 3800 a
480 3752 520 3800 des
545 3751 649 3801 familles
666 3769 764 3816 pauvres
782 3769 840 3816 pour
857 3752 956 3816 qn'elles
974 3755 1071 3816 pussant
1086 3750 1178 3798 acheter
1195 3749 1224 3797 de
1241 3747 1265 3796 la
1282 3752 1343 3796 terre
1360 3751 1384 3795 et
1401 3763 1431 3794 ne

259 3832 312 3881 leur
329 3834 443 3882 demenda
459 3833 533 3899 qu’un
550 3833 634 3882 interit
651 3836 679 3883 dc
697 3837 711 3883 3
739 3835 801 3900 [lege
819 3855 824 3882 :
843 3836 870 3898 4]
889 3851 949 3899 pour
968 3835 1015 3882 100
1033 3833 1131 3897 payable
1149 3847 1189 3880 sur
1206 3831 1240 3880 les
1258 3830 1365 3894 produite
1390 3829 1430 3878 dee

260 3915 353 3964 fonds.''
387 3916 485 3966 Billeter
510 3918 570 3966 hene
594 3918 773 3982 explicationem
800 3919 874 3976 reicit,
892 3918 948 3981 quia
964 3921 1014 3966 est:
1035 3917 1148 3980 ,maine
1165 3914 1261 3962 usuris“
1280 3913 1329 3962 und
1348 3912 1430 3977 „red-

261 4000 323 4047 den
332 3999 405 4047 dae“
422 4004 463 4060 (sc.
481 4001 601 4064 pecunias)
618 4002 647 4049 de
663 4001 788 4059 fructibus,
805 4001 872 4049 nicht
888 4006 946 4049 etwa
957 4003 999 4064 „nt
1007 4015 1090 4048 neuras
1100 3999 1227 4063 penderent
1236 3998 1264 4046 de
1272 3994 1430 4044 fructibue.“'’

262 4083 316 4146 Ipse
341 4081 439 4130 Billeter
464 4087 530 4146 putet
554 4084 633 4148 inepte
650 4084 692 4132 has
709 4085 766 4132 duas
784 4100 820 4132 res
837 4084 974 4132 coniunctas
991 4099 1054 4130 esse:
1076 4082 1115 4145 η1)
1132 4083 1200 4130 fenus
1217 4079 1342 4144 publicum
1358 4079 1431 4126 trien-

262 4165 349 4214 tarium
365 4165 468 4215 exercnit
484 4165 509 4225 2)
525 4165 668 4231 pauperibus
682 4166 801 4231 plerisque
817 4167 928 4230 pecuniae
942 4166 1006 4214 dedit
1014 4164 1074 4214 etc.'’
1109 4165 1144 4213 De
1152 4167 1251 4227 utroque
1262 4161 1313 4210 loco
1322 4161 1431 4227 pluribus

263 4247 340 4297 verbis
357 4246 456 4297 Billeter
473 4247 578 4314 disputat
594 4248 612 4298 1.
630 4249 647 4299 1.
665 4265 716 4315 pag.
735 4250 784 4298 214
801 4265 865 4314 seqq.
