3296 5008
686 1713 805 1780 Canon
827 1712 856 1778 I.

584 1939 769 2028 Conspectus
788 1939 954 2026 pancratis

232 2165 413 2248 Commeat,
439 2189 544 2255 quam
567 2167 633 2235 viri
656 2165 806 2252 theologi
830 2167 959 2248 dicunt,
983 2165 1127 2232 debetur
1143 2165 1208 2231 Dei
1217 2165 1354 2250 proiice,

186 2280 279 2367 quod
301 2280 339 2345 in
363 2281 493 2346 mundo
507 2286 631 2346 nostro
652 2287 812 2367 corrupto
836 2301 874 2346 ac
887 2279 1074 2366 depravato
1089 2279 1178 2345 inter
1190 2278 1356 2357 homines,

186 2393 248 2480 qui
285 2400 427 2474 „natura
461 2395 621 2481 propensi
655 2400 735 2460 sunt
767 2394 810 2460 ad
834 2393 953 2459 odium
977 2393 1041 2458 Dei
1065 2398 1099 2458 et
1123 2391 1292 2479 proximi''
1319 2389 1357 2478 ¹),

133 2547 136 2552 ·
186 2507 334 2574 effloruit
366 2507 540 2594 praeclara
563 2507 622 2574 illa
646 2508 754 2574 virtus
776 2506 1031 2587 beneficentiae,
1060 2527 1186 2592 „quam
1210 2505 1356 2574 eandam

186 2620 242 2689 vel
265 2620 513 2708 benignitatem
536 2621 589 2690 vel
612 2621 852 2688 liberalitatem
875 2619 1042 2708 appellari
1064 2619 1175 2686 licet.’'
1200 2619 1229 2706 ⁹)
1252 2619 1358 2686 Cuius

186 2735 323 2802 virtutis
357 2734 453 2801 nulla
487 2736 628 2822 quidem
662 2757 746 2821 gens
783 2733 1007 2822 quantumvis
1042 2731 1188 2799 barbara
1219 2753 1358 2819 prorsus

186 2870 309 2934 expers
342 2848 501 2915 habenda
537 2855 596 2930 est,
631 2870 743 2936 neque
778 2869 859 2915 vero
892 2847 963 2912 iam
996 2846 1076 2912 inde
1106 2846 1297 2934 antiquitus
1319 2846 1357 2911 in

185 2959 344 3029 Romano
378 2962 506 3049 populo
540 2962 695 3029 eiusdem
728 2983 798 3044 non
821 2961 1049 3029 inveniuntur
1072 2965 1164 3026 certa
1189 2959 1359 3047 quaedam

186 3077 341 3162 vestigia.
387 3076 488 3155 Quod
511 3098 553 3142 ne
577 3076 602 3141 ii
620 3076 760 3163 quidem
771 3073 898 3142 infitias
910 3074 1021 3155 ibunt,
1035 3074 1096 3160 qui
1109 3095 1196 3138 num
1208 3072 1358 3139 Romani

188 3189 232 3255 ad
255 3189 524 3256 misericordiam
540 3189 700 3276 propensi
711 3189 839 3255 fuerint
852 3187 1069 3255 addubitant.
1094 3185 1121 3272 8)
1142 3187 1358 3253 Documento

187 3303 268 3369 s'unt
301 3325 382 3370 cum
415 3304 481 3372 viri
514 3302 565 3369 illi
599 3324 669 3369 non
702 3303 804 3389 pauci
839 3323 924 3388 quos
958 3299 1127 3366 beneficos
1162 3300 1264 3366 fuisse
1293 3299 1360 3386 ipsi

187 3417 367 3504 scriptores
389 3416 444 3486 vel
467 3417 593 3503 reperti
615 3415 706 3483 tituli
729 3420 905 3496 testantur,
928 3420 1007 3480 tum
1029 3435 1116 3500 quae
1131 3413 1172 3479 de
1185 3411 1361 3499 praeclara

188 3532 254 3597 hac
277 3533 402 3599 virtute
423 3537 483 3596 aut
504 3531 697 3598 iniecerunt
720 3535 780 3596 aut
802 3529 911 3594 fusius
933 3528 1199 3614 disputaverunt
1211 3525 1362 3592 Romani

188 3651 319 3732 poetae,
344 3645 507 3726 rhetores,
531 3645 568 3710 in
591 3644 711 3732 primis
733 3643 939 3731 philosophi.
988 3640 1204 3707 Monendum
1221 3639 1363 3726 quidem

188 3759 226 3826 in
249 3781 366 3826 rerum
389 3756 676 3845 contemplatione
692 3757 770 3845 plus
782 3758 939 3824 minusve
951 3753 1080 3822 versari
1093 3752 1359 3840 philosophiam.

191 3873 296 3940 Cuius
333 3873 523 3960 praeceptis
553 3878 592 3938 ut
614 3893 696 3938 usus
718 3871 809 3938 vitae
833 3870 934 3958 plane
957 3868 1192 3954 conformetur
1214 3865 1363 3952 plerum-

226 4101 248 4164 l)
282 4103 401 4152 cateches.
418 4101 493 4152 Palat.
510 4101 539 4152 V.

228 4186 247 4249 2)
283 4187 334 4237 Cic.
351 4187 387 4237 Dc
404 4187 450 4236 Off.
468 4186 489 4246 1,
506 4185 529 4245 7,
547 4185 588 4235 20.

222 4269 243 4333 3)
277 4271 315 4323 cf.
331 4272 438 4323 Prooem.
455 4287 508 4338 pag.
531 4270 627 4335 Sseqq.
