3226 4998
718 505 760 569 81

154 704 233 749 cum
261 683 355 750 haud
378 684 480 752 dubie
502 686 677 773 impensae
701 683 926 752 tolerarentur
949 685 1067 752 multis
1089 684 1132 751 ab
1156 681 1323 750 aedilibus

153 795 261 882 plebis
284 797 459 884 impositis,
474 821 561 887 quae
585 798 714 864 multae
733 797 776 863 ad
790 799 921 864 Cereris
933 797 1103 885 templum
1114 795 1281 864 redibant.
1295 793 1324 880 ¹)

197 910 313 974 Etiam
336 911 451 977 minus
472 912 560 978 effiei
583 917 694 998 potest
705 933 748 977 ex
763 911 878 977 Plauti
889 911 1060 978 Rudentis
1071 911 1117 992 II,
1131 911 1161 990 3,
1176 908 1322 975 18-20:

634 1025 708 1106 „Ex
731 1025 831 1091 malis
853 1025 972 1091 multis
995 1031 1159 1111 metuque
1182 1042 1317 1088 summe

198 1135 412 1224 Capitalique
436 1159 480 1203 ex
503 1137 720 1224 peric<u>lo
744 1138 845 1204 erbas
867 1138 1043 1225 auxilique
1068 1156 1243 1224 opumque
1255 1135 1324 1202 hue

197 1247 341 1338 Recepit
362 1249 407 1316 ad
429 1273 463 1316 se
487 1251 636 1318 Veneria
659 1251 744 1318 haee
765 1252 921 1318 sacerdos
944 1273 999 1318 me
1023 1257 1057 1317 et
1077 1247 1321 1316 Palaestram.''

155 1361 233 1427 Non
267 1361 379 1428 solum
413 1385 457 1430 ex
490 1363 555 1430 hoc
588 1364 662 1431 lece
696 1365 784 1430 nihil
807 1365 874 1432 nisi
898 1365 1036 1452 propria
1058 1363 1151 1429 illius
1174 1360 1325 1429 sacerde

156 1475 198 1540 tis
220 1475 452 1542 misericordia
475 1476 585 1542 elucet
607 1477 644 1543 in
667 1478 751 1544 duas
777 1479 962 1564 naufragas
981 1476 1123 1565 puellas,
1137 1475 1196 1543 sed
1207 1475 1327 1542 etiam-

157 1587 185 1654 si
207 1609 261 1653 res
283 1589 381 1654 aliter
404 1611 438 1656 se
462 1589 613 1672 haberet,
637 1575 780 1658 Plautus
803 1613 873 1658 non
894 1592 935 1658 de
960 1613 1021 1657 sue
1035 1591 1120 1656 haee
1132 1588 1258 1670 scribit,
1272 1609 1328 1655 ve-

159 1723 237 1766 rum
271 1724 324 1768 res
357 1703 503 1770 Graecas
526 1703 710 1790 depingere
746 1705 934 1771 seeundum
959 1704 1141 1791 Diphilum
1164 1702 1329 1788 Sinopen·

159 1835 231 1880 sem
254 1816 335 1880 satis
357 1815 470 1883 habet.

174 2009 176 2012 ’
195 2049 212 2110 ι)
238 2049 274 2098 cr.
293 2051 401 2100 Niebuhr
418 2050 436 2100 1.
454 2050 488 2109 1.;
506 2051 583 2115 naq.
602 2049 619 2099 1.
638 2049 654 2100 1.
673 2067 724 2115 pag.
744 2052 792 2100 aaa
809 2053 863 2102 an.
883 2053 905 2102 1.
