<?xml version="1.0" encoding="UTF-8"?>
<!DOCTYPE html PUBLIC "-//W3C//DTD XHTML 1.0 Transitional//EN"
    "http://www.w3.org/TR/xhtml1/DTD/xhtml1-transitional.dtd">
<html xmlns="http://www.w3.org/1999/xhtml" xml:lang="en" lang="en">
 <head>
  <title>
</title>
<meta http-equiv="Content-Type" content="text/html;charset=utf-8" />
  <meta name='ocr-system' content='tesseract 3.04.00' />
  <meta name='ocr-capabilities' content='ocr_page ocr_carea ocr_par ocr_line ocrx_word'/>
</head>
<body>
  <div class='ocr_page' id='page_1' title='image "./depauperumcuraa00essegoog_0128.png"; bbox 0 0 3274 4998; ppageno 0'>
   <div class='ocr_carea' id='block_1_1' title="bbox 824 461 888 525">
    <p class='ocr_par' dir='ltr' id='par_1_1' title="bbox 824 461 888 525">
     <span class='ocr_line' id='line_1_1' title="bbox 824 461 888 525; baseline 0 -1"><span class='ocrx_word' id='word_1_1' title='bbox 824 461 888 525; x_wconf 87' lang='lat'>110</span> 
     </span>
    </p>
   </div>
   <div class='ocr_carea' id='block_1_2' title="bbox 267 635 1478 2539">
    <p class='ocr_par' dir='ltr' id='par_1_2' title="bbox 267 635 1478 2539">
     <span class='ocr_line' id='line_1_2' title="bbox 270 635 1436 723; baseline 0 -21"><span class='ocrx_word' id='word_1_2' title='bbox 270 637 400 704; x_wconf 90' lang='lat' dir='ltr'>faenori</span> <span class='ocrx_word' id='word_1_3' title='bbox 423 636 543 704; x_wconf 85' lang='lat' dir='ltr'>dantes</span> <span class='ocrx_word' id='word_1_4' title='bbox 569 658 639 702; x_wconf 92' lang='lat' dir='ltr'>non</span> <span class='ocrx_word' id='word_1_5' title='bbox 662 659 738 702; x_wconf 89' lang='lat' dir='ltr'>raro</span> <span class='ocrx_word' id='word_1_6' title='bbox 760 637 978 722; x_wconf 84' lang='lat' dir='ltr'>gravissimas</span> <span class='ocrx_word' id='word_1_7' title='bbox 1001 636 1394 723; x_wconf 87' lang='lat' dir='ltr'>usurasstipulabantur.</span> <span class='ocrx_word' id='word_1_8' title='bbox 1410 635 1436 722; x_wconf 79' lang='grc'>1)</span> 
     </span>
     <span class='ocr_line' id='line_1_3' title="bbox 267 749 1437 836; baseline -0.001 -21"><span class='ocrx_word' id='word_1_9' title='bbox 267 750 344 836; x_wconf 85' lang='lat' dir='ltr'>Ipse</span> <span class='ocrx_word' id='word_1_10' title='bbox 368 749 501 816; x_wconf 87' lang='lat' dir='ltr'>Plinius</span> <span class='ocrx_word' id='word_1_11' title='bbox 522 750 560 815; x_wconf 93' lang='lat' dir='ltr'>in</span> <span class='ocrx_word' id='word_1_12' title='bbox 582 750 647 816; x_wconf 90' lang='lat' dir='ltr'>hao</span> <span class='ocrx_word' id='word_1_13' title='bbox 669 772 705 816; x_wconf 90' lang='lat' dir='ltr'>re</span> <span class='ocrx_word' id='word_1_14' title='bbox 729 758 948 836; x_wconf 67' lang='lat' dir='ltr'>paternorum</span> <span class='ocrx_word' id='word_1_15' title='bbox 969 752 1141 836; x_wconf 64' lang='lat' dir='ltr'>segnitiem</span> <span class='ocrx_word' id='word_1_16' title='bbox 1164 751 1257 816; x_wconf 87' lang='lat' dir='ltr'>dicit.</span> <span class='ocrx_word' id='word_1_17' title='bbox 1271 749 1298 835; x_wconf 77' lang='grc'>4)</span> <span class='ocrx_word' id='word_1_18' title='bbox 1334 749 1437 814; x_wconf 94' lang='lat' dir='ltr'>Multi</span> 
     </span>
     <span class='ocr_line' id='line_1_4' title="bbox 270 862 1437 950; baseline -0.002 -22"><span class='ocrx_word' id='word_1_19' title='bbox 270 862 410 950; x_wconf 90' lang='lat' dir='ltr'>quidem</span> <span class='ocrx_word' id='word_1_20' title='bbox 444 864 606 950; x_wconf 83' lang='lat' dir='ltr'>pecunias</span> <span class='ocrx_word' id='word_1_21' title='bbox 639 862 860 929; x_wconf 75' lang='lat' dir='ltr'>collocabant.</span> <span class='ocrx_word' id='word_1_22' title='bbox 906 863 1021 948; x_wconf 86' lang='lat' dir='ltr'>Vulgo</span> <span class='ocrx_word' id='word_1_23' title='bbox 1056 869 1173 928; x_wconf 90' lang='lat' dir='ltr'>tamen</span> <span class='ocrx_word' id='word_1_24' title='bbox 1209 863 1307 928; x_wconf 91' lang='lat' dir='ltr'>aliter</span> <span class='ocrx_word' id='word_1_25' title='bbox 1334 869 1437 948; x_wconf 90' lang='lat' dir='ltr'>atque</span> 
     </span>
     <span class='ocr_line' id='line_1_5' title="bbox 268 975 1439 1063; baseline -0.002 -21"><span class='ocrx_word' id='word_1_26' title='bbox 268 998 339 1043; x_wconf 82' lang='lat' dir='ltr'>noe.</span> <span class='ocrx_word' id='word_1_27' title='bbox 375 977 465 1056; x_wconf 80' lang='lat' dir='ltr'>Quia</span> <span class='ocrx_word' id='word_1_28' title='bbox 486 976 668 1062; x_wconf 86' lang='lat' dir='ltr'>vectigalia</span> <span class='ocrx_word' id='word_1_29' title='bbox 690 976 906 1061; x_wconf 90' lang='lat' dir='ltr'>singularum</span> <span class='ocrx_word' id='word_1_30' title='bbox 929 977 1186 1063; x_wconf 88' lang='lat' dir='ltr'>provinciarum</span> <span class='ocrx_word' id='word_1_31' title='bbox 1210 975 1439 1042; x_wconf 86' lang='lat' dir='ltr'>acensoribus</span> 
     </span>
     <span class='ocr_line' id='line_1_6' title="bbox 267 1089 1436 1177; baseline -0.001 -22"><span class='ocrx_word' id='word_1_32' title='bbox 267 1090 369 1156; x_wconf 86' lang='lat' dir='ltr'>simul</span> <span class='ocrx_word' id='word_1_33' title='bbox 392 1091 497 1157; x_wconf 85' lang='lat' dir='ltr'>locari</span> <span class='ocrx_word' id='word_1_34' title='bbox 508 1091 671 1171; x_wconf 89' lang='lat' dir='ltr'>solebant,</span> <span class='ocrx_word' id='word_1_35' title='bbox 685 1091 837 1177; x_wconf 87' lang='lat' dir='ltr'>itemque</span> <span class='ocrx_word' id='word_1_36' title='bbox 849 1097 889 1155; x_wconf 93' lang='lat' dir='ltr'>ut</span> <span class='ocrx_word' id='word_1_37' title='bbox 899 1089 1023 1156; x_wconf 89' lang='lat' dir='ltr'>melius</span> <span class='ocrx_word' id='word_1_38' title='bbox 1037 1089 1149 1156; x_wconf 91' lang='lat' dir='ltr'>aleam</span> <span class='ocrx_word' id='word_1_39' title='bbox 1161 1089 1274 1155; x_wconf 90' lang='lat' dir='ltr'>subire</span> <span class='ocrx_word' id='word_1_40' title='bbox 1289 1095 1436 1176; x_wconf 87' lang='lat' dir='ltr'>possent,</span> 
     </span>
     <span class='ocr_line' id='line_1_7' title="bbox 269 1203 1466 1290; baseline 0.003 -22"><span class='ocrx_word' id='word_1_41' title='bbox 269 1203 445 1290; x_wconf 91' lang='lat' dir='ltr'>publicani</span> <span class='ocrx_word' id='word_1_42' title='bbox 471 1203 606 1270; x_wconf 77' lang='lat' dir='ltr'>inibant</span> <span class='ocrx_word' id='word_1_43' title='bbox 628 1204 812 1284; x_wconf 77' lang='lat' dir='ltr'>societateS,</span> <span class='ocrx_word' id='word_1_44' title='bbox 837 1204 874 1268; x_wconf 95' lang='lat' dir='ltr'>in</span> <span class='ocrx_word' id='word_1_45' title='bbox 899 1203 1024 1290; x_wconf 85' lang='lat' dir='ltr'>quibus</span> <span class='ocrx_word' id='word_1_46' title='bbox 1048 1205 1130 1269; x_wconf 86' lang='lat' dir='ltr'>socii</span> <span class='ocrx_word' id='word_1_47' title='bbox 1154 1209 1252 1269; x_wconf 89' lang='lat' dir='ltr'>erant</span> <span class='ocrx_word' id='word_1_48' title='bbox 1274 1224 1319 1268; x_wconf 86' lang='lat' dir='ltr'>ex</span> <span class='ocrx_word' id='word_1_49' title='bbox 1342 1208 1437 1289; x_wconf 90' lang='lat' dir='ltr'>parte</span> <span class='ocrx_word' id='word_1_50' title='bbox 1464 1265 1466 1272; x_wconf 80' lang='grc'><strong>,</strong></span> 
     </span>
     <span class='ocr_line' id='line_1_8' title="bbox 269 1315 1438 1404; baseline -0.003 -22"><span class='ocrx_word' id='word_1_51' title='bbox 269 1318 367 1383; x_wconf 82' lang='lat' dir='ltr'>sortis</span> <span class='ocrx_word' id='word_1_52' title='bbox 391 1339 495 1404; x_wconf 88' lang='lat' dir='ltr'>quam</span> <span class='ocrx_word' id='word_1_53' title='bbox 519 1318 806 1384; x_wconf 79' lang='lat' dir='ltr'>ministraverant.</span> <span class='ocrx_word' id='word_1_54' title='bbox 829 1316 854 1403; x_wconf 81' lang='grc'>4)</span> <span class='ocrx_word' id='word_1_55' title='bbox 878 1318 971 1396; x_wconf 83' lang='lat' dir='ltr'>Quin</span> <span class='ocrx_word' id='word_1_56' title='bbox 984 1339 1045 1403; x_wconf 95' lang='lat' dir='ltr'>pro</span> <span class='ocrx_word' id='word_1_57' title='bbox 1059 1318 1223 1383; x_wconf 91' lang='lat' dir='ltr'>varietate</span> <span class='ocrx_word' id='word_1_58' title='bbox 1236 1315 1438 1382; x_wconf 90' lang='lat' dir='ltr'>reruminfi-</span> 
     </span>
     <span class='ocr_line' id='line_1_9' title="bbox 271 1429 1438 1517; baseline -0.001 -22"><span class='ocrx_word' id='word_1_59' title='bbox 271 1431 362 1496; x_wconf 89' lang='lat' dir='ltr'>nitae</span> <span class='ocrx_word' id='word_1_60' title='bbox 386 1436 483 1496; x_wconf 91' lang='lat' dir='ltr'>erant</span> <span class='ocrx_word' id='word_1_61' title='bbox 505 1431 762 1517; x_wconf 91' lang='lat' dir='ltr'>redemptorum</span> <span class='ocrx_word' id='word_1_62' title='bbox 785 1431 921 1517; x_wconf 89' lang='lat' dir='ltr'>species,</span> <span class='ocrx_word' id='word_1_63' title='bbox 947 1431 1007 1517; x_wconf 93' lang='lat' dir='ltr'>qui</span> <span class='ocrx_word' id='word_1_64' title='bbox 1019 1452 1123 1516; x_wconf 89' lang='lat' dir='ltr'>opera</span> <span class='ocrx_word' id='word_1_65' title='bbox 1134 1429 1275 1517; x_wconf 88' lang='lat' dir='ltr'>publica</span> <span class='ocrx_word' id='word_1_66' title='bbox 1286 1429 1438 1494; x_wconf 89' lang='lat' dir='ltr'>curanda</span> 
     </span>
     <span class='ocr_line' id='line_1_10' title="bbox 270 1543 1478 1630; baseline -0.001 -22"><span class='ocrx_word' id='word_1_67' title='bbox 270 1543 489 1630; x_wconf 87' lang='lat' dir='ltr'>recipiebant,</span> <span class='ocrx_word' id='word_1_68' title='bbox 514 1545 540 1630; x_wconf 86' lang='lat'>⁴)</span> <span class='ocrx_word' id='word_1_69' title='bbox 574 1543 812 1610; x_wconf 88' lang='lat' dir='ltr'>conducebant</span> <span class='ocrx_word' id='word_1_70' title='bbox 845 1543 1041 1630; x_wconf 88' lang='lat' dir='ltr'>praebenda</span> <span class='ocrx_word' id='word_1_71' title='bbox 1066 1565 1154 1630; x_wconf 92' lang='lat' dir='ltr'>quae</span> <span class='ocrx_word' id='word_1_72' title='bbox 1180 1543 1223 1608; x_wconf 87' lang='lat' dir='ltr'>ad</span> <span class='ocrx_word' id='word_1_73' title='bbox 1247 1543 1438 1608; x_wconf 83' lang='lat' dir='ltr'>exercitum</span> <span class='ocrx_word' id='word_1_74' title='bbox 1473 1557 1478 1564; x_wconf 85' lang='grc'><em>·</em></span> 
     </span>
     <span class='ocr_line' id='line_1_11' title="bbox 271 1632 1442 1744; baseline -0.002 -22"><span class='ocrx_word' id='word_1_75' title='bbox 271 1679 356 1744; x_wconf 87' lang='lat' dir='ltr'>opus</span> <span class='ocrx_word' id='word_1_76' title='bbox 379 1663 485 1738; x_wconf 87' lang='lat' dir='ltr'>erant,</span> <span class='ocrx_word' id='word_1_77' title='bbox 500 1658 524 1743; x_wconf 83' lang='lat'>⁵)</span> <span class='ocrx_word' id='word_1_78' title='bbox 550 1663 584 1722; x_wconf 90' lang='lat' dir='ltr'>et</span> <span class='ocrx_word' id='word_1_79' title='bbox 606 1657 673 1723; x_wconf 93' lang='lat' dir='ltr'>alia</span> <span class='ocrx_word' id='word_1_80' title='bbox 695 1658 829 1742; x_wconf 89' lang='lat' dir='ltr'>generis</span> <span class='ocrx_word' id='word_1_81' title='bbox 852 1657 1014 1723; x_wconf 85' lang='lat' dir='ltr'>eiusdem.</span> <span class='ocrx_word' id='word_1_82' title='bbox 1028 1657 1054 1743; x_wconf 85' lang='grc'>4)</span> <span class='ocrx_word' id='word_1_83' title='bbox 1089 1656 1159 1721; x_wconf 83' lang='grc' dir='ltr'><strong>Α111</strong></span> <span class='ocrx_word' id='word_1_84' title='bbox 1185 1657 1372 1742; x_wconf 89' lang='lat' dir='ltr'>pecuniam</span> <span class='ocrx_word' id='word_1_85' title='bbox 1395 1632 1442 1720; x_wconf 51' lang='lat' dir='ltr'>in*</span> 
     </span>
     <span class='ocr_line' id='line_1_12' title="bbox 271 1769 1438 1857; baseline -0.002 -21"><span class='ocrx_word' id='word_1_86' title='bbox 271 1791 311 1836; x_wconf 88' lang='lat' dir='ltr'>ea</span> <span class='ocrx_word' id='word_1_87' title='bbox 345 1769 565 1836; x_wconf 88' lang='lat' dir='ltr'>conferebant</span> <span class='ocrx_word' id='word_1_88' title='bbox 599 1792 686 1857; x_wconf 88' lang='lat' dir='ltr'>quae</span> <span class='ocrx_word' id='word_1_89' title='bbox 710 1771 780 1836; x_wconf 89' lang='lat' dir='ltr'>solo</span> <span class='ocrx_word' id='word_1_90' title='bbox 803 1771 1031 1836; x_wconf 89' lang='lat' dir='ltr'>continentur.</span> <span class='ocrx_word' id='word_1_91' title='bbox 1079 1769 1208 1835; x_wconf 88' lang='lat' dir='ltr'>Omitto</span> <span class='ocrx_word' id='word_1_92' title='bbox 1232 1792 1309 1836; x_wconf 89' lang='lat' dir='ltr'>eam</span> <span class='ocrx_word' id='word_1_93' title='bbox 1332 1791 1438 1857; x_wconf 92' lang='lat' dir='ltr'>quam</span> 
     </span>
     <span class='ocr_line' id='line_1_13' title="bbox 273 1882 1438 1970; baseline -0.001 -21"><span class='ocrx_word' id='word_1_94' title='bbox 273 1883 484 1965; x_wconf 83' lang='lat' dir='ltr'>„fundabant</span> <span class='ocrx_word' id='word_1_95' title='bbox 506 1883 623 1949; x_wconf 84' lang='lat' dir='ltr'>nitidis</span> <span class='ocrx_word' id='word_1_96' title='bbox 645 1883 757 1950; x_wconf 86' lang='lat' dir='ltr'>villis’&#39;</span> <span class='ocrx_word' id='word_1_97' title='bbox 781 1883 808 1970; x_wconf 83' lang='lat'>⁷)</span> <span class='ocrx_word' id='word_1_98' title='bbox 831 1884 887 1952; x_wconf 87' lang='lat' dir='ltr'>vel</span> <span class='ocrx_word' id='word_1_99' title='bbox 913 1884 1035 1968; x_wconf 85' lang='lat' dir='ltr'>,regiis</span> <span class='ocrx_word' id='word_1_100' title='bbox 1060 1882 1239 1949; x_wconf 82' lang='lat' dir='ltr'>molibua&#39;&#39;</span> <span class='ocrx_word' id='word_1_101' title='bbox 1254 1882 1281 1970; x_wconf 85' lang='grc'>8)</span> <span class='ocrx_word' id='word_1_102' title='bbox 1297 1884 1345 1950; x_wconf 93' lang='lat' dir='ltr'>Ut</span> <span class='ocrx_word' id='word_1_103' title='bbox 1358 1905 1438 1952; x_wconf 84' lang='lat' dir='ltr'>vero</span> 
     </span>
     <span class='ocr_line' id='line_1_14' title="bbox 270 1995 1438 2084; baseline 0.001 -23"><span class='ocrx_word' id='word_1_104' title='bbox 270 1997 344 2084; x_wconf 88' lang='lat' dir='ltr'>ipsa</span> <span class='ocrx_word' id='word_1_105' title='bbox 366 1997 548 2062; x_wconf 87' lang='lat' dir='ltr'>latifundia</span> <span class='ocrx_word' id='word_1_106' title='bbox 569 1997 701 2082; x_wconf 88' lang='lat' dir='ltr'>ingenti</span> <span class='ocrx_word' id='word_1_107' title='bbox 725 2019 869 2063; x_wconf 92' lang='lat' dir='ltr'>numero</span> <span class='ocrx_word' id='word_1_108' title='bbox 881 2019 1059 2064; x_wconf 90' lang='lat' dir='ltr'>servorum</span> <span class='ocrx_word' id='word_1_109' title='bbox 1070 1996 1213 2062; x_wconf 86' lang='lat' dir='ltr'>colenda</span> <span class='ocrx_word' id='word_1_110' title='bbox 1225 1995 1400 2078; x_wconf 87' lang='lat' dir='ltr'>curabant,</span> <span class='ocrx_word' id='word_1_111' title='bbox 1411 1997 1438 2084; x_wconf 83' lang='grc'>44)</span> 
     </span>
     <span class='ocr_line' id='line_1_15' title="bbox 269 2108 1438 2198; baseline -0.001 -22"><span class='ocrx_word' id='word_1_112' title='bbox 269 2111 318 2177; x_wconf 87' lang='lat' dir='ltr'>ita</span> <span class='ocrx_word' id='word_1_113' title='bbox 339 2111 434 2177; x_wconf 89' lang='lat' dir='ltr'>varia</span> <span class='ocrx_word' id='word_1_114' title='bbox 458 2132 593 2198; x_wconf 92' lang='lat' dir='ltr'>quoque</span> <span class='ocrx_word' id='word_1_115' title='bbox 618 2133 729 2197; x_wconf 90' lang='lat' dir='ltr'>opera,</span> <span class='ocrx_word' id='word_1_116' title='bbox 755 2133 842 2198; x_wconf 86' lang='lat' dir='ltr'>quae</span> <span class='ocrx_word' id='word_1_117' title='bbox 866 2112 903 2176; x_wconf 93' lang='lat' dir='ltr'>in</span> <span class='ocrx_word' id='word_1_118' title='bbox 926 2111 1041 2176; x_wconf 86' lang='lat' dir='ltr'>fundis</span> <span class='ocrx_word' id='word_1_119' title='bbox 1064 2108 1298 2197; x_wconf 84' lang='lat' dir='ltr'>habebant,¹⁰)</span> <span class='ocrx_word' id='word_1_120' title='bbox 1327 2111 1438 2176; x_wconf 88' lang='lat' dir='ltr'>sinon</span> 
     </span>
     <span class='ocr_line' id='line_1_16' title="bbox 271 2221 1439 2306; baseline 0 -16"><span class='ocrx_word' id='word_1_121' title='bbox 271 2223 430 2291; x_wconf 84' lang='lat' dir='ltr'>locabant</span> <span class='ocrx_word' id='word_1_122' title='bbox 463 2224 735 2306; x_wconf 72' lang='lat' dir='ltr'>conductoribua</span> <span class='ocrx_word' id='word_1_123' title='bbox 760 2225 866 2291; x_wconf 87' lang='lat' dir='ltr'>servis</span> <span class='ocrx_word' id='word_1_124' title='bbox 880 2221 943 2291; x_wconf 86' lang='lat' dir='ltr'>¹vel</span> <span class='ocrx_word' id='word_1_125' title='bbox 965 2224 1134 2290; x_wconf 88' lang='lat' dir='ltr'>libertinis</span> <span class='ocrx_word' id='word_1_126' title='bbox 1156 2224 1308 2289; x_wconf 90' lang='lat' dir='ltr'>curanda</span> <span class='ocrx_word' id='word_1_127' title='bbox 1331 2225 1439 2290; x_wconf 82' lang='lat' dir='ltr'>trade-</span> 
     </span>
     <span class='ocr_line' id='line_1_17' title="bbox 272 2336 1439 2424; baseline -0.002 -20"><span class='ocrx_word' id='word_1_128' title='bbox 272 2338 365 2404; x_wconf 89' lang='lat' dir='ltr'>bant.</span> <span class='ocrx_word' id='word_1_129' title='bbox 391 2336 431 2424; x_wconf 91' lang='lat'>¹¹)</span> <span class='ocrx_word' id='word_1_130' title='bbox 465 2339 578 2404; x_wconf 88' lang='lat' dir='ltr'>Paene</span> <span class='ocrx_word' id='word_1_131' title='bbox 612 2339 737 2419; x_wconf 91' lang='lat' dir='ltr'>omnia,</span> <span class='ocrx_word' id='word_1_132' title='bbox 774 2337 899 2424; x_wconf 89' lang='lat' dir='ltr'>quibus</span> <span class='ocrx_word' id='word_1_133' title='bbox 922 2338 1084 2403; x_wconf 89' lang='lat' dir='ltr'>dominus</span> <span class='ocrx_word' id='word_1_134' title='bbox 1108 2343 1231 2422; x_wconf 86' lang='lat' dir='ltr'>egeret,</span> <span class='ocrx_word' id='word_1_135' title='bbox 1262 2337 1351 2404; x_wconf 87' lang='lat' dir='ltr'>servi</span> <span class='ocrx_word' id='word_1_136' title='bbox 1374 2338 1439 2423; x_wconf 87' lang='lat' dir='ltr'>ipsi</span> 
     </span>
     <span class='ocr_line' id='line_1_18' title="bbox 272 2450 1438 2539; baseline 0 -23"><span class='ocrx_word' id='word_1_137' title='bbox 272 2450 536 2518; x_wconf 81' lang='lat' dir='ltr'>fabricabantur.</span> <span class='ocrx_word' id='word_1_138' title='bbox 551 2450 590 2539; x_wconf 75' lang='grc'>14)</span> <span class='ocrx_word' id='word_1_139' title='bbox 625 2452 696 2520; x_wconf 83' lang='lat' dir='ltr'>Vix</span> <span class='ocrx_word' id='word_1_140' title='bbox 733 2473 819 2539; x_wconf 87' lang='lat' dir='ltr'>opus</span> <span class='ocrx_word' id='word_1_141' title='bbox 853 2457 903 2518; x_wconf 87' lang='lat' dir='ltr'>est</span> <span class='ocrx_word' id='word_1_142' title='bbox 925 2452 1036 2517; x_wconf 88' lang='lat' dir='ltr'>dicere</span> <span class='ocrx_word' id='word_1_143' title='bbox 1073 2451 1224 2518; x_wconf 92' lang='lat' dir='ltr'>divitum</span> <span class='ocrx_word' id='word_1_144' title='bbox 1255 2451 1438 2538; x_wconf 89' lang='lat' dir='ltr'>pecuniam</span> 
     </span>
    </p>
   </div>
   <div class='ocr_carea' id='block_1_3' title="bbox 269 2686 1439 4158">
    <p class='ocr_par' dir='ltr' id='par_1_3' title="bbox 270 2686 1436 2836">
     <span class='ocr_line' id='line_1_19' title="bbox 270 2686 1436 2753; baseline 0.004 -17"><span class='ocrx_word' id='word_1_145' title='bbox 270 2691 352 2737; x_wconf 85' lang='lat' dir='ltr'>cetera.</span> <span class='ocrx_word' id='word_1_146' title='bbox 387 2686 575 2753; x_wconf 79' lang='lat' dir='ltr'>Appellabantur</span> <span class='ocrx_word' id='word_1_147' title='bbox 599 2688 734 2752; x_wconf 85' lang='lat' dir='ltr'>argentarii,</span> <span class='ocrx_word' id='word_1_148' title='bbox 760 2688 924 2746; x_wconf 88' lang='lat' dir='ltr'>nummularii,</span> <span class='ocrx_word' id='word_1_149' title='bbox 942 2689 1061 2738; x_wconf 83' lang='lat' dir='ltr'>mensarii.</span> <span class='ocrx_word' id='word_1_150' title='bbox 1079 2689 1115 2737; x_wconf 86' lang='lat' dir='ltr'>Cf.</span> <span class='ocrx_word' id='word_1_151' title='bbox 1133 2689 1268 2748; x_wconf 89' lang='lat' dir='ltr'>Drumann,</span> <span class='ocrx_word' id='word_1_152' title='bbox 1285 2689 1395 2740; x_wconf 81' lang='lat' dir='ltr'>Arbeiter</span> <span class='ocrx_word' id='word_1_153' title='bbox 1411 2708 1436 2741; x_wconf 88' lang='lat' dir='ltr'>u.</span> 
     </span>
     <span class='ocr_line' id='line_1_20' title="bbox 270 2771 1033 2836; baseline 0.001 -17"><span class='ocrx_word' id='word_1_154' title='bbox 270 2771 457 2828; x_wconf 81' lang='lat' dir='ltr'>Communiatcn,</span> <span class='ocrx_word' id='word_1_155' title='bbox 475 2787 526 2834; x_wconf 86' lang='lat' dir='ltr'>pag.</span> <span class='ocrx_word' id='word_1_156' title='bbox 545 2771 610 2828; x_wconf 71' lang='lat'>291,</span> <span class='ocrx_word' id='word_1_157' title='bbox 628 2771 705 2834; x_wconf 86' lang='lat' dir='ltr'>Marq.</span> <span class='ocrx_word' id='word_1_158' title='bbox 723 2771 779 2819; x_wconf 86' lang='lat' dir='ltr'>stv.</span> <span class='ocrx_word' id='word_1_159' title='bbox 797 2771 834 2820; x_wconf 83' lang='grc'>114</span> <span class='ocrx_word' id='word_1_160' title='bbox 851 2788 902 2836; x_wconf 85' lang='lat' dir='ltr'>pag.</span> <span class='ocrx_word' id='word_1_161' title='bbox 922 2772 953 2819; x_wconf 89' lang='grc'>64</span> <span class='ocrx_word' id='word_1_162' title='bbox 971 2788 1033 2836; x_wconf 79' lang='lat' dir='ltr'>seqq.</span> 
     </span>
    </p>

    <p class='ocr_par' dir='ltr' id='par_1_4' title="bbox 270 2852 1439 3069">
     <span class='ocr_line' id='line_1_21' title="bbox 307 2852 1437 2921; baseline 0.004 -19"><span class='ocrx_word' id='word_1_163' title='bbox 307 2853 324 2914; x_wconf 90' lang='lat'>¹)</span> <span class='ocrx_word' id='word_1_164' title='bbox 349 2852 493 2917; x_wconf 84' lang='lat' dir='ltr'>Exemplum</span> <span class='ocrx_word' id='word_1_165' title='bbox 517 2854 618 2902; x_wconf 83' lang='lat' dir='ltr'>afferam.</span> <span class='ocrx_word' id='word_1_166' title='bbox 636 2855 748 2918; x_wconf 74' lang='lat' dir='ltr'>Ichrnus</span> <span class='ocrx_word' id='word_1_167' title='bbox 764 2855 827 2919; x_wconf 89' lang='lat' dir='ltr'>apnd</span> <span class='ocrx_word' id='word_1_168' title='bbox 844 2855 981 2904; x_wconf 83' lang='lat' dir='ltr'>Ciceronem</span> <span class='ocrx_word' id='word_1_169' title='bbox 999 2856 1046 2916; x_wconf 82' lang='lat' dir='ltr'>(ld</span> <span class='ocrx_word' id='word_1_170' title='bbox 1063 2857 1113 2904; x_wconf 75' lang='lat' dir='ltr'>aa.</span> <span class='ocrx_word' id='word_1_171' title='bbox 1132 2855 1160 2913; x_wconf 92' lang='lat' dir='ltr'>V,</span> <span class='ocrx_word' id='word_1_172' title='bbox 1180 2855 1219 2913; x_wconf 83' lang='lat' dir='ltr'>al,</span> <span class='ocrx_word' id='word_1_173' title='bbox 1239 2856 1294 2916; x_wconf 72' lang='lat' dir='ltr'>la:</span> <span class='ocrx_word' id='word_1_174' title='bbox 1313 2856 1437 2921; x_wconf 76' lang='lat' dir='ltr'>„(Salami·</span> 
     </span>
     <span class='ocr_line' id='line_1_22' title="bbox 270 2935 1439 3002; baseline 0.004 -18"><span class='ocrx_word' id='word_1_175' title='bbox 270 2936 329 2998; x_wconf 74' lang='lat' dir='ltr'>niis)</span> <span class='ocrx_word' id='word_1_176' title='bbox 354 2937 424 2984; x_wconf 88' lang='lat' dir='ltr'>Bruti</span> <span class='ocrx_word' id='word_1_177' title='bbox 446 2935 581 2994; x_wconf 77' lang='lat' dir='ltr'>familiares,</span> <span class='ocrx_word' id='word_1_178' title='bbox 599 2937 653 2986; x_wconf 88' lang='lat' dir='ltr'>freti</span> <span class='ocrx_word' id='word_1_179' title='bbox 670 2937 746 3000; x_wconf 82' lang='lat' dir='ltr'>gratia</span> <span class='ocrx_word' id='word_1_180' title='bbox 764 2938 840 2994; x_wconf 89' lang='lat' dir='ltr'>Bruti,</span> <span class='ocrx_word' id='word_1_181' title='bbox 859 2939 913 2986; x_wconf 88' lang='lat' dir='ltr'>dare</span> <span class='ocrx_word' id='word_1_182' title='bbox 931 2938 1286 3002; x_wconf 60' lang='lat' dir='ltr'>volebantqnaterniaI48010l,</span> <span class='ocrx_word' id='word_1_183' title='bbox 1304 2940 1323 2988; x_wconf 83' lang='lat' dir='ltr'>ai</span> <span class='ocrx_word' id='word_1_184' title='bbox 1341 2940 1386 2989; x_wconf 79' lang='lat' dir='ltr'>eibi</span> <span class='ocrx_word' id='word_1_185' title='bbox 1405 2957 1439 2989; x_wconf 83' lang='lat' dir='ltr'>ae·</span> 
     </span>
     <span class='ocr_line' id='line_1_23' title="bbox 270 3018 626 3069; baseline 0 -1"><span class='ocrx_word' id='word_1_186' title='bbox 270 3022 339 3068; x_wconf 76' lang='lat' dir='ltr'>natae</span> <span class='ocrx_word' id='word_1_187' title='bbox 355 3018 463 3067; x_wconf 80' lang='lat' dir='ltr'>consulto</span> <span class='ocrx_word' id='word_1_188' title='bbox 480 3019 626 3069; x_wconf 82' lang='lat' dir='ltr'>caveretur.&#39;&#39;</span> 
     </span>
    </p>

    <p class='ocr_par' dir='ltr' id='par_1_5' title="bbox 302 3102 733 3163">
     <span class='ocr_line' id='line_1_24' title="bbox 302 3102 733 3163; baseline 0.005 -13"><span class='ocrx_word' id='word_1_189' title='bbox 302 3102 405 3163; x_wconf 67' lang='lat' dir='ltr'>²)Plin.</span> <span class='ocrx_word' id='word_1_190' title='bbox 423 3103 453 3152; x_wconf 88' lang='lat' dir='ltr'>N.</span> <span class='ocrx_word' id='word_1_191' title='bbox 471 3103 504 3152; x_wconf 88' lang='lat' dir='ltr'>H.</span> <span class='ocrx_word' id='word_1_192' title='bbox 522 3103 633 3160; x_wconf 91' lang='lat' dir='ltr'>XXXIII,</span> <span class='ocrx_word' id='word_1_193' title='bbox 653 3104 675 3162; x_wconf 82' lang='lat'>3,</span> <span class='ocrx_word' id='word_1_194' title='bbox 693 3104 733 3152; x_wconf 90' lang='grc'>48.</span> 
     </span>
    </p>

    <p class='ocr_par' dir='ltr' id='par_1_6' title="bbox 302 3185 633 3250">
     <span class='ocr_line' id='line_1_25' title="bbox 302 3185 633 3250; baseline 0 -16"><span class='ocrx_word' id='word_1_195' title='bbox 302 3185 322 3243; x_wconf 79' lang='grc'>’4)</span> <span class='ocrx_word' id='word_1_196' title='bbox 339 3185 417 3249; x_wconf 81' lang='lat' dir='ltr'>Marq.</span> <span class='ocrx_word' id='word_1_197' title='bbox 435 3185 453 3234; x_wconf 88' lang='lat' dir='ltr'>l.</span> <span class='ocrx_word' id='word_1_198' title='bbox 471 3185 488 3234; x_wconf 93' lang='lat' dir='ltr'>l.</span> <span class='ocrx_word' id='word_1_199' title='bbox 506 3202 558 3250; x_wconf 81' lang='lat' dir='ltr'>pag.</span> <span class='ocrx_word' id='word_1_200' title='bbox 577 3186 633 3234; x_wconf 81' lang='lat'>300.</span> 
     </span>
    </p>

    <p class='ocr_par' dir='ltr' id='par_1_7' title="bbox 302 3267 986 3328">
     <span class='ocr_line' id='line_1_26' title="bbox 302 3267 986 3328; baseline 0.007 -14"><span class='ocrx_word' id='word_1_201' title='bbox 302 3268 322 3328; x_wconf 85' lang='lat'>⁴)</span> <span class='ocrx_word' id='word_1_202' title='bbox 340 3267 389 3315; x_wconf 84' lang='lat' dir='ltr'>Cic.</span> <span class='ocrx_word' id='word_1_203' title='bbox 408 3268 492 3317; x_wconf 84' lang='lat' dir='ltr'>Perad.</span> <span class='ocrx_word' id='word_1_204' title='bbox 510 3269 551 3325; x_wconf 85' lang='lat' dir='ltr'>VI,</span> <span class='ocrx_word' id='word_1_205' title='bbox 569 3269 601 3316; x_wconf 83' lang='lat'>46</span> <span class='ocrx_word' id='word_1_206' title='bbox 611 3288 617 3325; x_wconf 90' lang='lat'>;</span> <span class='ocrx_word' id='word_1_207' title='bbox 635 3269 686 3317; x_wconf 78' lang='lat' dir='ltr'>niv.</span> <span class='ocrx_word' id='word_1_208' title='bbox 705 3269 812 3327; x_wconf 82' lang='lat' dir='ltr'>XXXIX,</span> <span class='ocrx_word' id='word_1_209' title='bbox 830 3272 871 3326; x_wconf 86' lang='grc'>44,</span> <span class='ocrx_word' id='word_1_210' title='bbox 891 3271 921 3327; x_wconf 82' lang='grc'>5;</span> <span class='ocrx_word' id='word_1_211' title='bbox 942 3273 986 3319; x_wconf 85' lang='lat' dir='ltr'>etc.</span> 
     </span>
    </p>

    <p class='ocr_par' dir='ltr' id='par_1_8' title="bbox 305 3349 750 3413">
     <span class='ocr_line' id='line_1_27' title="bbox 305 3349 750 3413; baseline 0.007 -16"><span class='ocrx_word' id='word_1_212' title='bbox 305 3349 323 3410; x_wconf 82' lang='grc'>4)</span> <span class='ocrx_word' id='word_1_213' title='bbox 341 3349 377 3398; x_wconf 90' lang='lat' dir='ltr'>Cf.</span> <span class='ocrx_word' id='word_1_214' title='bbox 395 3366 414 3398; x_wconf 83' lang='lat' dir='ltr'>e.</span> <span class='ocrx_word' id='word_1_215' title='bbox 432 3366 453 3413; x_wconf 88' lang='lat' dir='ltr'>g.</span> <span class='ocrx_word' id='word_1_216' title='bbox 473 3350 525 3398; x_wconf 80' lang='lat' dir='ltr'>liv.</span> <span class='ocrx_word' id='word_1_217' title='bbox 543 3351 634 3408; x_wconf 83' lang='lat' dir='ltr'>XXIII,</span> <span class='ocrx_word' id='word_1_218' title='bbox 652 3352 692 3410; x_wconf 86' lang='grc'>48,</span> <span class='ocrx_word' id='word_1_219' title='bbox 711 3351 750 3400; x_wconf 92' lang='grc'>11.</span> 
     </span>
    </p>

    <p class='ocr_par' dir='ltr' id='par_1_9' title="bbox 269 3431 1437 3584">
     <span class='ocr_line' id='line_1_28' title="bbox 303 3431 1437 3500; baseline 0.004 -20"><span class='ocrx_word' id='word_1_220' title='bbox 303 3432 323 3492; x_wconf 89' lang='grc'>4)</span> <span class='ocrx_word' id='word_1_221' title='bbox 339 3431 431 3481; x_wconf 81' lang='lat' dir='ltr'>Privati</span> <span class='ocrx_word' id='word_1_222' title='bbox 448 3448 541 3495; x_wconf 88' lang='lat' dir='ltr'>quoque</span> <span class='ocrx_word' id='word_1_223' title='bbox 557 3432 664 3482; x_wconf 76' lang='lat' dir='ltr'>homines</span> <span class='ocrx_word' id='word_1_224' title='bbox 681 3435 708 3482; x_wconf 93' lang='lat' dir='ltr'>in</span> <span class='ocrx_word' id='word_1_225' title='bbox 725 3450 776 3482; x_wconf 84' lang='lat' dir='ltr'>eam</span> <span class='ocrx_word' id='word_1_226' title='bbox 793 3450 817 3482; x_wconf 82' lang='lat' dir='ltr'>ee</span> <span class='ocrx_word' id='word_1_227' title='bbox 834 3435 1029 3483; x_wconf 86' lang='lat' dir='ltr'>consuetudinem</span> <span class='ocrx_word' id='word_1_228' title='bbox 1046 3435 1192 3485; x_wconf 81' lang='lat' dir='ltr'>adducebant</span> <span class='ocrx_word' id='word_1_229' title='bbox 1210 3439 1236 3484; x_wconf 88' lang='lat' dir='ltr'>ut</span> <span class='ocrx_word' id='word_1_230' title='bbox 1252 3452 1322 3500; x_wconf 86' lang='lat' dir='ltr'>opera</span> <span class='ocrx_word' id='word_1_231' title='bbox 1331 3436 1437 3485; x_wconf 82' lang='lat' dir='ltr'>facienda</span> 
     </span>
     <span class='ocr_line' id='line_1_29' title="bbox 269 3513 1350 3584; baseline 0.004 -20"><span class='ocrx_word' id='word_1_232' title='bbox 269 3514 373 3564; x_wconf 86' lang='lat' dir='ltr'>locarent</span> <span class='ocrx_word' id='word_1_233' title='bbox 389 3513 552 3578; x_wconf 87' lang='lat' dir='ltr'>culturamque</span> <span class='ocrx_word' id='word_1_234' title='bbox 568 3531 678 3578; x_wconf 86' lang='lat' dir='ltr'>agrorum</span> <span class='ocrx_word' id='word_1_235' title='bbox 695 3532 819 3580; x_wconf 89' lang='lat' dir='ltr'>operarum</span> <span class='ocrx_word' id='word_1_236' title='bbox 837 3517 941 3581; x_wconf 85' lang='lat' dir='ltr'>manpri</span> <span class='ocrx_word' id='word_1_237' title='bbox 958 3518 1083 3566; x_wconf 85' lang='lat' dir='ltr'>traderent.</span> <span class='ocrx_word' id='word_1_238' title='bbox 1102 3518 1138 3567; x_wconf 87' lang='lat' dir='ltr'>Cf.</span> <span class='ocrx_word' id='word_1_239' title='bbox 1159 3520 1221 3568; x_wconf 89' lang='lat' dir='ltr'>Suet.</span> <span class='ocrx_word' id='word_1_240' title='bbox 1243 3521 1309 3584; x_wconf 85' lang='lat' dir='ltr'>Veap.</span> <span class='ocrx_word' id='word_1_241' title='bbox 1328 3519 1350 3568; x_wconf 96' lang='lat' dir='ltr'>l.</span> 
     </span>
    </p>

    <p class='ocr_par' dir='ltr' id='par_1_10' title="bbox 304 3595 650 3661">
     <span class='ocr_line' id='line_1_30' title="bbox 304 3595 650 3661; baseline 0.003 -16"><span class='ocrx_word' id='word_1_242' title='bbox 304 3595 324 3657; x_wconf 77' lang='lat'>5)</span> <span class='ocrx_word' id='word_1_243' title='bbox 341 3596 399 3646; x_wconf 86' lang='lat' dir='ltr'>Hor.</span> <span class='ocrx_word' id='word_1_244' title='bbox 418 3596 494 3661; x_wconf 76' lang='lat' dir='ltr'>Epiet.</span> <span class='ocrx_word' id='word_1_245' title='bbox 513 3597 533 3654; x_wconf 89' lang='lat' dir='ltr'>I,</span> <span class='ocrx_word' id='word_1_246' title='bbox 553 3597 592 3655; x_wconf 77' lang='lat'>15,</span> <span class='ocrx_word' id='word_1_247' title='bbox 609 3599 650 3646; x_wconf 82' lang='lat'>46.</span> 
     </span>
    </p>

    <p class='ocr_par' dir='ltr' id='par_1_11' title="bbox 302 3678 724 3744">
     <span class='ocr_line' id='line_1_31' title="bbox 302 3678 724 3744; baseline 0 -16"><span class='ocrx_word' id='word_1_248' title='bbox 302 3678 322 3742; x_wconf 88' lang='grc'>4)</span> <span class='ocrx_word' id='word_1_249' title='bbox 341 3680 400 3729; x_wconf 87' lang='lat' dir='ltr'>Hor.</span> <span class='ocrx_word' id='word_1_250' title='bbox 418 3680 499 3729; x_wconf 85' lang='lat' dir='ltr'>Oarm.</span> <span class='ocrx_word' id='word_1_251' title='bbox 516 3680 550 3737; x_wconf 91' lang='lat'>11,</span> <span class='ocrx_word' id='word_1_252' title='bbox 568 3680 608 3738; x_wconf 82' lang='grc'>15,</span> <span class='ocrx_word' id='word_1_253' title='bbox 628 3680 637 3728; x_wconf 97' lang='lat' dir='ltr'>l</span> <span class='ocrx_word' id='word_1_254' title='bbox 659 3696 724 3744; x_wconf 86' lang='lat' dir='ltr'>aeqq.</span> 
     </span>
    </p>

    <p class='ocr_par' dir='ltr' id='par_1_12' title="bbox 304 3759 774 3822">
     <span class='ocr_line' id='line_1_32' title="bbox 304 3759 774 3822; baseline 0.002 -11"><span class='ocrx_word' id='word_1_255' title='bbox 304 3759 323 3822; x_wconf 83' lang='grc'>4)</span> <span class='ocrx_word' id='word_1_256' title='bbox 341 3761 378 3812; x_wconf 82' lang='lat' dir='ltr'>cf.</span> <span class='ocrx_word' id='word_1_257' title='bbox 396 3763 450 3812; x_wconf 87' lang='lat' dir='ltr'>San.</span> <span class='ocrx_word' id='word_1_258' title='bbox 468 3763 504 3811; x_wconf 91' lang='lat' dir='ltr'>De</span> <span class='ocrx_word' id='word_1_259' title='bbox 521 3763 602 3812; x_wconf 91' lang='lat' dir='ltr'>Bencf.</span> <span class='ocrx_word' id='word_1_260' title='bbox 619 3762 674 3820; x_wconf 89' lang='lat' dir='ltr'>VII,</span> <span class='ocrx_word' id='word_1_261' title='bbox 694 3763 733 3822; x_wconf 91' lang='grc'>10,</span> <span class='ocrx_word' id='word_1_262' title='bbox 752 3765 774 3812; x_wconf 84' lang='grc'>5.</span> 
     </span>
    </p>

    <p class='ocr_par' dir='ltr' id='par_1_13' title="bbox 271 3841 1438 4076">
     <span class='ocr_line' id='line_1_33' title="bbox 304 3841 1438 3914; baseline 0.004 -21"><span class='ocrx_word' id='word_1_263' title='bbox 304 3841 333 3904; x_wconf 76' lang='grc' dir='ltr'>ι4)</span> <span class='ocrx_word' id='word_1_264' title='bbox 350 3844 384 3893; x_wconf 92' lang='lat' dir='ltr'>Ut</span> <span class='ocrx_word' id='word_1_265' title='bbox 409 3845 531 3902; x_wconf 82' lang='lat' dir='ltr'>textrInae,</span> <span class='ocrx_word' id='word_1_266' title='bbox 556 3845 669 3902; x_wconf 80' lang='lat' dir='ltr'>bistones,</span> <span class='ocrx_word' id='word_1_267' title='bbox 695 3845 806 3909; x_wconf 88' lang='lat' dir='ltr'>figilinae‚</span> <span class='ocrx_word' id='word_1_268' title='bbox 832 3847 926 3910; x_wconf 85' lang='lat' dir='ltr'>argenti</span> <span class='ocrx_word' id='word_1_269' title='bbox 952 3848 1047 3897; x_wconf 87' lang='lat' dir='ltr'>fodinae</span> <span class='ocrx_word' id='word_1_270' title='bbox 1064 3851 1087 3897; x_wconf 87' lang='lat' dir='ltr'>et</span> <span class='ocrx_word' id='word_1_271' title='bbox 1104 3847 1151 3897; x_wconf 84' lang='lat' dir='ltr'>alia</span> <span class='ocrx_word' id='word_1_272' title='bbox 1168 3849 1271 3908; x_wconf 87' lang='lat' dir='ltr'>metalla,</span> <span class='ocrx_word' id='word_1_273' title='bbox 1289 3849 1438 3914; x_wconf 89' lang='lat' dir='ltr'>lapicidinae,</span> 
     </span>
     <span class='ocr_line' id='line_1_34' title="bbox 271 3924 1438 3993; baseline 0.004 -18"><span class='ocrx_word' id='word_1_274' title='bbox 271 3924 413 3986; x_wconf 86' lang='lat' dir='ltr'>harenariae,</span> <span class='ocrx_word' id='word_1_275' title='bbox 438 3927 546 3976; x_wconf 87' lang='lat' dir='ltr'>tabernae</span> <span class='ocrx_word' id='word_1_276' title='bbox 574 3944 666 3992; x_wconf 88' lang='lat' dir='ltr'>quoque</span> <span class='ocrx_word' id='word_1_277' title='bbox 692 3928 844 3987; x_wconf 71' lang='lat' dir='ltr'>deuersoriae,</span> <span class='ocrx_word' id='word_1_278' title='bbox 870 3946 927 3993; x_wconf 88' lang='lat' dir='ltr'>quaa</span> <span class='ocrx_word' id='word_1_279' title='bbox 952 3932 1083 3980; x_wconf 74' lang='lat' dir='ltr'>fructuosae</span> <span class='ocrx_word' id='word_1_280' title='bbox 1108 3932 1181 3980; x_wconf 77' lang='lat' dir='ltr'>fuisse</span> <span class='ocrx_word' id='word_1_281' title='bbox 1199 3933 1272 3982; x_wconf 90' lang='lat' dir='ltr'>Varro</span> <span class='ocrx_word' id='word_1_282' title='bbox 1289 3936 1377 3981; x_wconf 88' lang='lat' dir='ltr'>narrat.</span> <span class='ocrx_word' id='word_1_283' title='bbox 1403 3934 1438 3981; x_wconf 86' lang='lat' dir='ltr'>De</span> 
     </span>
     <span class='ocr_line' id='line_1_35' title="bbox 271 4007 904 4076; baseline 0.006 -18"><span class='ocrx_word' id='word_1_284' title='bbox 271 4007 335 4058; x_wconf 82' lang='lat' dir='ltr'>hiare</span> <span class='ocrx_word' id='word_1_285' title='bbox 351 4009 462 4058; x_wconf 73' lang='lat' dir='ltr'>omnibu·</span> <span class='ocrx_word' id='word_1_286' title='bbox 478 4011 507 4058; x_wconf 83' lang='lat' dir='ltr'>cf.</span> <span class='ocrx_word' id='word_1_287' title='bbox 525 4009 599 4059; x_wconf 86' lang='lat' dir='ltr'>Varro</span> <span class='ocrx_word' id='word_1_288' title='bbox 616 4011 645 4059; x_wconf 92' lang='lat' dir='ltr'>R.</span> <span class='ocrx_word' id='word_1_289' title='bbox 663 4010 692 4058; x_wconf 86' lang='lat' dir='ltr'>R.</span> <span class='ocrx_word' id='word_1_290' title='bbox 710 4011 731 4067; x_wconf 92' lang='lat' dir='ltr'>I,</span> <span class='ocrx_word' id='word_1_291' title='bbox 750 4010 773 4069; x_wconf 79' lang='lat'>2,</span> <span class='ocrx_word' id='word_1_292' title='bbox 791 4012 821 4060; x_wconf 80' lang='lat'>21</span> <span class='ocrx_word' id='word_1_293' title='bbox 840 4028 904 4076; x_wconf 71' lang='lat' dir='ltr'>seqq.</span> 
     </span>
    </p>

    <p class='ocr_par' dir='ltr' id='par_1_14' title="bbox 307 4091 830 4158">
     <span class='ocr_line' id='line_1_36' title="bbox 307 4091 830 4158; baseline 0.004 -18"><span class='ocrx_word' id='word_1_294' title='bbox 307 4091 335 4152; x_wconf 84' lang='lat'>¹¹)</span> <span class='ocrx_word' id='word_1_295' title='bbox 352 4092 388 4140; x_wconf 82' lang='lat' dir='ltr'>Cf.</span> <span class='ocrx_word' id='word_1_296' title='bbox 406 4091 484 4156; x_wconf 85' lang='lat' dir='ltr'>Marq.</span> <span class='ocrx_word' id='word_1_297' title='bbox 502 4092 615 4142; x_wconf 81' lang='lat' dir='ltr'>Privatl.²</span> <span class='ocrx_word' id='word_1_298' title='bbox 631 4109 683 4157; x_wconf 83' lang='lat' dir='ltr'>pag.</span> <span class='ocrx_word' id='word_1_299' title='bbox 703 4093 748 4141; x_wconf 81' lang='lat'>161</span> <span class='ocrx_word' id='word_1_300' title='bbox 768 4110 830 4158; x_wconf 73' lang='lat' dir='ltr'>seqq.</span> 
     </span>
    </p>
   </div>
   <div class='ocr_carea' id='block_1_4' title="bbox 305 4173 1437 4246">
    <p class='ocr_par' dir='ltr' id='par_1_15' title="bbox 305 4173 1437 4246">
     <span class='ocr_line' id='line_1_37' title="bbox 305 4173 1437 4246; baseline 0.006 -23"><span class='ocrx_word' id='word_1_301' title='bbox 305 4173 334 4238; x_wconf 79' lang='lat'>¹¹)</span> <span class='ocrx_word' id='word_1_302' title='bbox 351 4175 421 4243; x_wconf 72' lang='lat' dir='ltr'>Quod</span> <span class='ocrx_word' id='word_1_303' title='bbox 436 4178 485 4224; x_wconf 82' lang='lat' dir='ltr'>tam</span> <span class='ocrx_word' id='word_1_304' title='bbox 502 4175 641 4240; x_wconf 84' lang='lat' dir='ltr'>generaIItar</span> <span class='ocrx_word' id='word_1_305' title='bbox 658 4175 747 4236; x_wconf 84' lang='lat' dir='ltr'>dictum</span> <span class='ocrx_word' id='word_1_306' title='bbox 766 4177 913 4244; x_wconf 84' lang='lat' dir='ltr'>impugnant,</span> <span class='ocrx_word' id='word_1_307' title='bbox 931 4180 959 4229; x_wconf 86' lang='lat' dir='ltr'>da</span> <span class='ocrx_word' id='word_1_308' title='bbox 976 4179 1144 4245; x_wconf 85' lang='lat' dir='ltr'>imperatorum</span> <span class='ocrx_word' id='word_1_309' title='bbox 1164 4183 1238 4230; x_wconf 67' lang='lat' dir='ltr'>nante</span> <span class='ocrx_word' id='word_1_310' title='bbox 1254 4209 1286 4219; x_wconf 83' lang='lat'>-</span> <span class='ocrx_word' id='word_1_311' title='bbox 1303 4181 1342 4230; x_wconf 91' lang='lat' dir='ltr'>cui</span> <span class='ocrx_word' id='word_1_312' title='bbox 1360 4181 1437 4246; x_wconf 77' lang='lat' dir='ltr'>prisca</span> 
     </span>
    </p>
   </div>
   <div class='ocr_carea' id='block_1_5' title="bbox 0 0 1645 4998">
    <p class='ocr_par' dir='ltr' id='par_1_16' title="bbox 0 0 1645 4998">
     <span class='ocr_line' id='line_1_38' title="bbox 0 0 1645 4998; baseline 0 0"><span class='ocrx_word' id='word_1_313' title='bbox 0 0 1645 4998; x_wconf 95' lang='lat' dir='ltr'> </span> 
     </span>
    </p>
   </div>
  </div>
 </body>
</html>
