3296 5008
757 511 822 577 245

247 686 295 752 At
325 709 407 754 vero
431 687 540 754 multo
563 687 663 775 plura
687 689 755 755 dici
778 701 919 777 possunt
942 690 984 756 de
1008 690 1219 758 Caesarianis
1241 698 1370 780 tompo-

202 800 306 868 ribus.
352 802 451 868 Tunc
475 803 568 868 enim
592 802 774 869 hominum
798 804 906 869 animi
925 803 976 870 vel
990 805 1140 871 maxime
1154 805 1197 871 ad
1209 805 1373 873 beneficia

201 922 300 981 erant
323 916 492 1002 propensi.
538 916 743 983 Inhonesta
766 924 800 983 et
820 918 1003 1002 magnifica
1015 939 1096 1005 opes
1108 940 1185 986 suas
1197 919 1369 987 insumere

201 1031 321 1096 aetatis
356 1030 442 1096 ratio
476 1036 511 1095 et
545 1029 703 1097 voluntas
736 1037 817 1097 erat.
854 1029 880 1118 ¹)
934 1033 1149 1099 Documento
1184 1039 1264 1099 sunt
1292 1056 1371 1100 cum

200 1318 360 1381 quadriduum
386 1318 458 1368 dedit.
487 1318 566 1382 magni
593 1322 672 1367 tamen
690 1319 795 1367 muneris
813 1336 838 1368 ea
855 1335 948 1368 summa
966 1319 1018 1375 fuit,
1037 1323 1064 1368 ut
1081 1335 1122 1384 per
1138 1320 1245 1369 triduum
1263 1323 1374 1384 quattuor

199 1403 223 1448 et
248 1401 395 1465 septuaginta
420 1401 528 1450 homines
552 1403 681 1465 pugnarint
690 1401 705 1424 ''
740 1403 784 1463 (De
810 1403 975 1451 viscerationes
1002 1419 1056 1450 voce
1082 1404 1112 1452 cl.
1130 1419 1181 1467 pag.
1203 1403 1249 1452 188
1267 1404 1320 1452 adn.
1339 1405 1373 1464 4.)

233 1484 312 1548 Epulo
329 1484 437 1532 funebris
455 1485 505 1532 sive
522 1501 591 1533 cenae
608 1485 760 1534 novendiales
779 1485 885 1534 solebant
902 1502 951 1534 esse
969 1490 1019 1534 tam
1037 1485 1176 1542 luxuriosae,
1196 1490 1222 1534 ut
1239 1487 1264 1534 in
1277 1502 1372 1551 prover·

199 1567 267 1615 bium
294 1567 410 1616 venirent.
445 1568 528 1630 Cogita
545 1569 573 1616 de
589 1568 659 1631 epulo
677 1568 719 1616 illo
737 1569 832 1616 funebri
850 1569 881 1632 Q
899 1569 973 1627 Arrii,
991 1569 1112 1617 Ciceronis
1130 1569 1263 1625 familiaris,
1281 1571 1309 1618 de
1326 1587 1373 1634 quo

199 1651 253 1699 vide
270 1651 320 1699 cic.
339 1651 369 1699 In
391 1651 443 1699 Vat.
463 1652 502 1722 12,Ι
520 1651 568 1708 30;
589 1652 627 1709 13,
645 1652 675 1700 31
694 1653 733 1713 (cf.
754 1653 810 1700 Hor.
829 1652 903 1700 Serm.
921 1653 955 1708 ΙΙ,
974 1651 997 1709 3,
1016 1652 1065 1710 86).
1102 1653 1232 1717 Antiquam
1250 1653 1371 1716 frugalita-

208 1751 244 1782 em
271 1735 374 1782 servavit
400 1734 430 1798 Q.
456 1734 557 1783 Tubero.
593 1735 640 1799 „Is,
672 1751 726 1783 cum
744 1735 841 1800 epulum
860 1735 889 1798 Q
910 1735 1028 1783 Maximus
1046 1735 1072 1783 P.
1090 1736 1205 1791 Africani,
1227 1737 1304 1800 patrui
1324 1738 1371 1794 sui,

198 1818 295 1866 nomine
320 1817 409 1882 populo
435 1819 541 1866 Romano
566 1818 639 1876 daret,
661 1823 755 1881 rogatus
771 1823 806 1866 est
823 1835 837 1866 a
854 1819 966 1874 Maximo,
986 1823 1011 1866 ut
1028 1818 1162 1867 triclinium
1180 1824 1299 1878 sterneret,
1317 1837 1372 1869 cum

199 1905 258 1949 esset
282 1901 375 1949 Tubero
400 1901 505 1949 eiusdem
531 1901 638 1949 Africani
664 1902 749 1949 sororis
777 1901 849 1949 filius.
885 1903 963 1966 Atque
989 1901 1040 1960 ille,
1065 1901 1136 1950 homo
1154 1903 1329 1952 eruditissimus
1345 1920 1372 1952 ac

199 1984 299 2042 Stoicus,
325 1985 409 2032 stravit
432 1983 553 2048 pelliculis
571 1984 677 2032 hoedinis
695 1985 794 2032 lectulos
812 1985 946 2033 Punicanos
963 1989 986 2032 et
1003 1985 1112 2050 exposuit
1128 2001 1184 2034 vasa
1200 1986 1286 2045 Samia,
1303 1987 1372 2050 quasi

199 2083 253 2116 vero
279 2073 339 2116 esset
357 2067 473 2130 Diogenes
490 2067 594 2130 Cynicus
612 2073 719 2116 mortuus
736 2072 759 2116 et
775 2084 823 2116 non
841 2068 917 2116 divini
936 2068 1041 2116 hominis
1058 2069 1163 2117 Africani
1182 2085 1246 2117 mors
1263 2069 1371 2118 honesta·

199 2152 288 2200 r·etur.’'
323 2151 397 2200 Addit
421 2157 500 2200 tamen
526 2151 624 2200 Cicero:
652 2152 747 2216 „Huius
774 2152 799 2199 in
825 2157 899 2200 morte
920 2151 1057 2200 celebranda
1073 2153 1176 2216 graviter
1193 2152 1252 2202 tulit
1268 2154 1370 2218 populus

199 2236 320 2284 Romanus
345 2236 406 2284 hanc
431 2251 563 2299 perversum
590 2235 728 2298 sapientiam
754 2235 893 2292 Tuberonis,
920 2235 999 2298 itaque
1025 2236 1095 2284 homo
1118 2236 1292 2300 integerrimus,
1311 2237 1371 2285 civis

200 2319 312 2384 optimus,
331 2303 397 2367 'cum
425 2323 485 2366 esset
506 2318 534 2368 L.
552 2317 621 2367 Pauli
640 2335 720 2382 nepos,
738 2319 765 2366 P.
783 2318 897 2376 Africani,
915 2322 942 2366 ut
959 2318 1016 2376 dixi,
1039 2319 1125 2367 sororis
1143 2319 1216 2378 filius,
1234 2319 1271 2367 his
1290 2319 1369 2368 haedi-

202 2405 239 2452 nis
265 2402 386 2467 pelliculis
412 2407 518 2466 praetura
543 2402 645 2451 deiectus
671 2405 713 2450 est.
749 2402 807 2450 Odit
832 2401 934 2466 populus
961 2402 1081 2452 Romanus
1106 2403 1223 2467 privatam
1241 2402 1370 2461 luxuriam,

200 2487 320 2552 publicam
337 2487 536 2550 magnificentiam
550 2486 645 2550 diligit;
664 2502 712 2533 non
729 2490 791 2533 amat
808 2486 914 2550 profusas
932 2484 1021 2549 epulas,
1040 2486 1117 2534 sordes
1135 2490 1158 2535 et
1169 2486 1369 2534 inhumanitatem

201 2572 276 2620 multo
302 2570 407 2620 minus.'’
442 2570 501 2631 (Cic.
526 2570 572 2618 Pro
599 2570 663 2617 Mur.
690 2570 729 2627 36,
756 2569 786 2621 75
811 2570 918 2632 seq.;cf.
937 2569 1007 2618 etiam
1025 2569 1104 2619 Seuee.
1122 2570 1166 2634 up.
1184 2569 1245 2618 Mor.
1264 2570 1313 2627 XV,
1331 2587 1369 2636 ep.

201 2657 215 2704 3
242 2657 302 2716 (95),
330 2655 362 2708 72
389 2671 453 2718 seq.;
482 2653 545 2712 XVI,
572 2670 608 2718 ep.
634 2654 726 2714 3(98),
745 2653 792 2710 l3;
811 2652 862 2702 Val.
882 2653 944 2701 Max.
963 2652 1017 2710 VII,
1036 2654 1059 2711 5,
1080 2653 1110 2713 l.)
1127 2652 1257 2716 Complura
1275 2670 1373 2703 munere

200 2739 308 2787 funebria
324 2739 441 2802 congessit
456 2737 544 2786 Friedl.
561 2737 624 2801 apud
642 2737 717 2800 Marq.
735 2737 789 2784 StV.
807 2737 857 2784 111²
880 2753 931 2800 pag.
952 2738 999 2784 554
1018 2736 1071 2784 adn.
1091 2738 1104 2783 5
1123 2743 1145 2784 et
1165 2737 1188 2784 6.

234 2822 376 2886 Municipiis
394 2822 456 2870 idem
475 2838 525 2869 mos
543 2825 597 2868 erat.
633 2820 774 2884 Exemplum
792 2820 906 2867 habemus
923 2819 948 2867 in
967 2819 1018 2866 lilio
1035 2819 1061 2867 L.
1081 2820 1154 2884 Papio
1172 2818 1281 2868 Pollione
1293 2821 1372 2884 quiex

200 2909 338 2954 testamento
355 2905 429 2970 patris
446 2904 562 2953 arbitratu
581 2904 606 2952 L.
624 2903 763 2952 Novercinii
785 2903 903 2950 Pollionis
920 2903 975 2951 haee
993 2903 1038 2951 tria
1055 2903 1111 2951 fecit
1128 2903 1153 2951 in
1167 2903 1279 2952 honorem
1291 2905 1372 2968 patris.

200 2989 309 3037 Primum
335 2989 442 3036 mulsum
468 2991 491 3036 et
516 2993 631 3046 crustum,
657 2988 754 3036 fortasse
780 2987 804 3035 in
822 2987 935 3050 exequiis,
952 2986 1016 3035 dedit
1029 2986 1119 3034 colonis
1137 2986 1295 3044 Sinuessanis,
1314 2988 1371 3036 item

200 3072 310 3120 omnibus
328 3071 466 3120 bominibus
483 3087 511 3119 ex
531 3071 583 3118 vico
601 3071 723 3118 Sinuessae
740 3070 853 3118 attributo
871 3070 994 3119 Caediciis.
1029 3069 1120 3118 Deinde
1137 3075 1159 3118 et
1176 3086 1265 3120 munus
1282 3070 1371 3134 gladia·

200 3155 287 3204 lorium
305 3160 328 3204 et
344 3171 424 3203 cenam
443 3155 508 3203 dedit
525 3170 578 3202 cum
596 3153 686 3202 colonis
704 3153 852 3202 Sinuessanis
861 3159 913 3202 tum
922 3153 999 3216 gentis
1008 3153 1094 3217 Papiae
1103 3153 1214 3202 omnibus
1223 3154 1370 3203 hominibus.

200 3239 307 3302 Denique
331 3243 511 3288 monumentum
538 3238 593 3286 lecit
617 3253 644 3285 ex
670 3237 803 3285 sestertium
829 3237 877 3284 llll
894 3235 994 3285 milibus
1012 3252 1145 3285 nummum.
1164 3236 1201 3285 Ol.
1219 3236 1246 3286 C.
1266 3237 1285 3286 I.
1304 3237 1331 3286 L.
1349 3239 1372 3296 1,

200 3321 265 3370 ‘1199
283 3326 305 3370 et
324 3322 458 3370 Mommsen
475 3321 504 3370 ad
521 3321 545 3370 h.
563 3325 579 3369 t.

235 3405 251 3464 ι)
286 3407 356 3455 Mart.
374 3406 416 3463 lX,
435 3406 475 3463 22,
493 3421 527 3454 rs.
551 3404 670 3463 1,2,15,
690 3405 733 3453 16;

300 3489 397 3552 „Credis
414 3489 443 3538 ob
461 3489 517 3538 haec
534 3505 579 3547 me,
597 3489 686 3547 Pastor,
703 3504 758 3553 opes
775 3488 870 3536 fortasse
889 3503 975 3552 rogare,

331 3573 429 3636 Propter
446 3589 505 3636 quae
521 3572 606 3635 vulgus
624 3587 744 3635 crassaque
761 3571 830 3620 turba
847 3576 918 3634 rogat,

297 3656 341 3704 nst
357 3655 420 3704 nihil
438 3672 465 3704 ex
483 3657 551 3705 istis:
570 3671 664 3720 superos
682 3672 708 3703 ac
726 3655 801 3703 sidera
818 3660 896 3703 testor.

330 3741 393 3803 Ergo
410 3740 490 3804 quid?
524 3739 557 3787 Ut
574 3739 666 3794 donem,
685 3740 772 3794 Pastor,
791 3743 813 3786 et
829 3738 974 3786 aedificem.’'

198 3823 234 3870 Cl.
252 3823 339 3871 Friedl.
358 3822 512 3886 Sittengesch.
530 3823 602 3870 Roms
619 3822 668 3870 ΙΙΙα
686 3838 737 3885 pag.
757 3822 820 3869 l5l:
840 3822 907 3885 „l'on
925 3822 970 3868 den
988 3820 1091 3869 Reichen
1108 3821 1157 3869 und
1175 3821 1368 3870 Grossenwurde

198 3907 282 3954 immer
308 3907 368 3954 noch
394 3911 507 3965 erwartet,
536 3907 588 3954 dass
614 3907 648 3953 sie
668 3906 735 3954 ihren
753 3905 887 3953 Ueberfluss
904 3904 971 3952 nicht
988 3903 1051 3952 bloss
1068 3920 1110 3952 zur
1126 3904 1314 3966 Unterstiitzung
1330 3905 1372 3953 der

197 3990 300 4038 Armuth
326 3991 465 4039 verwenden
494 3991 588 4038 wtirden
592 4025 747 4046 .......
771 3989 870 4036 sondern
888 3988 956 4044 auch,
974 3988 1027 4035 dass
1041 3987 1075 4035 sie
1091 3988 1129 4036 die
1146 3989 1235 4037 Armen
1253 4005 1283 4037 an
1301 3989 1370 4038 ihren

198 4074 318 4122 Gentissen
345 4075 371 4122 iu
394 4073 496 4121 reichcm
514 4074 593 4121 Messe
610 4071 771 4120 theilnehmen
788 4071 872 4127 lassen,
889 4071 962 4118 ihnen
979 4070 1100 4118 Vortheila
1116 4071 1165 4120 und
1182 4071 1370 4136 Vergniigungen

198 4157 258 4206 aller
274 4159 318 4205 Art
336 4157 460 4221 gewbhren
476 4156 582 4216 wiirden,
600 4172 646 4205 von
664 4156 739 4205 denen
757 4155 791 4203 sie
808 4154 834 4204 in
852 4155 893 4203 der
910 4155 1037 4204 modemen
1054 4154 1118 4206 Welt
1134 4155 1204 4206 meist
1212 4155 1370 4221 ausgesehlos·
1386 4149 1388 4151 ¹

197 4257 239 4291 sen
257 4241 335 4290 sind.'’
