3274 4998
717 518 792 586 169.

158 696 221 763 tim
256 695 357 765 fuisse
392 695 599 770 distributos.
643 696 698 762 Ita
726 695 866 784 quidem
892 695 1041 764 Granius
1064 696 1265 764 Licinianus
1288 697 1330 763 de

157 809 308 897 Lepido:
346 809 529 897 „[Le]gem
562 809 858 896 frumentari[am]
894 809 990 876 nullo
1022 811 1196 878 resistente
1223 860 1232 877 .
1256 861 1266 878 .
1290 860 1332 878 ..

159 929 217 1005 ost,
252 929 291 989 ut
323 922 515 1010 annon[ae]
551 922 741 1010 quinq[ue]
777 923 870 989 modi
895 923 1040 1011 popu[lo
1064 923 1278 1012 da]rentur.'’
1307 921 1332 1011 1)

158 1037 339 1123 Nusquam
359 1036 631 1125 sane'traditum
655 1042 714 1118 est,
739 1058 820 1103 oum
843 1037 880 1103 Ο.
904 1037 1081 1104 Gracchus
1103 1037 1217 1122 legem
1233 1058 1332 1103 suam

159 1149 262 1216 ferret
293 1149 555 1224 frumentariam
580 1151 685 1234 (anno
709 1172 739 1217 a.
764 1171 797 1216 u.
821 1171 850 1216 e.
874 1149 938 1216 731
964 1177 1000 1212 =
1023 1172 1053 1217 a.
1078 1150 1159 1218 Ohr.
1183 1172 1217 1218 n.
1242 1150 1331 1238 123),

160 1263 263 1330 istum
295 1263 439 1331 modum
462 1263 532 1330 iam
559 1263 661 1332 fuisse
686 1265 921 1331 constitutum.
967 1264 1132 1332 Attamen
1155 1286 1245 1346 eum,
1270 1263 1331 1351 qui

159 1377 290 1464 primus
320 1377 362 1444 de
386 1383 473 1444 stata
495 1399 536 1444 ao
559 1383 727 1465 perpetua
749 1377 1017 1445 frumentatione
1040 1377 1154 1462 legem
1172 1377 1261 1460 tulit,
1285 1377 1328 1444 de

160 1491 261 1557 modo
290 1491 394 1557 etiam
417 1491 584 1556 frumenti
607 1492 736 1558 cavisse
760 1512 897 1578 prorsus
921 1490 1048 1558 oredas.
1094 1491 1146 1557 Ne
1170 1491 1331 1558 Terentia

161 1603 301 1691 quidem
335 1603 410 1690 lege
447 1602 473 1692 ⁹)
507 1604 651 1670 modum
686 1611 857 1672 mutatum
885 1626 956 1672 esse
980 1602 1236 1691 0011tarenio³)
1260 1604 1332 1671 veri

160 1717 269 1784 simile
304 1717 442 1784 videtur
478 1718 670 1802 „cogitanti
708 1718 798 1784 hano
833 1717 1052 1803 largitionem
1086 1717 1240 1805 patribus
1274 1739 1332 1785 ex·

160 1853 323 1919 pressam,
352 1830 495 1898 delinire
519 1831 599 1897 satis
622 1831 770 1918 potuisse
794 1830 903 1918 plebis
930 1831 1063 1898 animos
1086 1831 1123 1897 in
1146 1852 1203 1898 eos
1227 1831 1332 1898 offen·

161 1946 273 2026 siores,
297 1945 325 2011 si
348 1966 411 2032 par
428 1941 632 2012 'tribunitiae
652 1946 801 2012 fuisset.”
843 1945 1003 2012 Clodium
1026 1945 1331 2012 frumentationem

161 2059 272 2146 ipsam
306 2077 375 2124 non
410 2064 558 2125 mutasse
593 2059 766 2146 gratisque
799 2065 934 2125 tantum
962 2059 1092 2126 dedisse
1116 2060 1345 2126 frumentum-

162 2193 205 2240 ex
238 2169 313 2239 loco
348 2172 499 2261 quodam
535 2172 757 2240 Ciceroniana
781 2179 944 2260 apparet:
979 2173 1047 2252 „Ut
1072 2172 1220 2239 remissis
1243 2172 1333 2239 senis

163 2292 196 2353 et
229 2285 412 2352 trientibus
446 2285 567 2374 quinta
596 2307 702 2373 prope
727 2308 805 2374 pars
829 2278 1051 2372 vectigalium
1075 2285 1284 2353 tolleretur.''
1308 2285 1336 2373 4)

163 2399 245 2466 Post
267 2398 427 2467 Clodium
452 2420 589 2488 quoque
613 2399 757 2466 modum
778 2399 879 2466 illum
902 2400 1004 2466 fuisse
1030 2406 1215 2482 servatum,
1237 2398 1336 2468 facile

164 2513 315 2580 adducor
346 2518 387 2578 ut
415 2513 553 2581 credam
587 2512 630 2580 ob
653 2513 753 2580 hasce
777 2535 905 2580 causas.
951 2513 1109 2580 Primum
1133 2513 1161 2580 si
1184 2519 1337 2580 mutatus

165 2634 260 2709 esset,
295 2627 424 2693 mirum
460 2632 546 2694 esset
579 2627 616 2692 in
651 2626 802 2694 fontibus
824 2627 956 2709 nostris,
983 2627 1045 2714 qui
1067 2627 1269 2714 praesertim
1291 2627 1333 2694 de

164 2741 349 2808 Caesarum
371 2739 583 2826 temporibus
606 2740 707 2806 multi
729 2740 823 2828 iique
846 2740 968 2808 uberes
991 2746 1080 2822 sunt,
1106 2739 1194 2807 nihil
1214 2741 1256 2808 do
1269 2740 1334 2808 hao

165 2876 199 2921 re
237 2853 398 2922 inveniri.
444 2854 535 2920 Tum
565 2853 711 2921 Severus
732 2854 930 2921 Herodiano
955 2860 1038 2921 testo
1062 2855 1195 2942 primus
1218 2855 1337 2923 eohor-

165 2967 256 3034 tibus
288 2967 512 3054 praetorianis
535 2967 679 3035 modum
702 2967 810 3034 auxit.
836 2967 862 3054 ⁵)
907 2967 1067 3056 Denique
1090 2969 1197 3036 servis
1223 2967 1338 3034 militi·

166 3079 229 3147 bus
261 3080 435 3160 custodiae
466 3080 637 3147 mandatis
661 3081 819 3168 quaterni
844 3080 985 3169 quinive
1009 3081 1113 3148 tritici
1137 3081 1245 3148 modii
1264 3081 1339 3147 dari

165 3242 258 3302 Malla.)
274 3242 405 3292 Rodbartus
422 3243 479 3304 (Zur
494 3243 532 3293 rr.
550 3243 573 3292 d.
591 3243 680 3292 Saohw.
697 3243 721 3294 d.
739 3243 826 3292 Geldea
842 3243 877 3292 im
894 3243 954 3303 alt„
971 3243 999 3293 in
1014 3242 1114 3293 Jahrbb.
1129 3244 1147 3294 f.
1156 3243 1341 3295 Nationaldkon.

166 3341 192 3377 n.
214 3325 304 3374 satist.
330 3325 373 3374 XV
399 3325 491 3387 (1870),
517 3342 562 3390 pag
596 3326 644 3375 ala
662 3328 736 3391 seqq.)
753 3330 831 3376 umen
849 3327 941 3391 oopioae
958 3326 1104 3376 demonstrat
1124 3326 1168 3375 hoo
1185 3330 1208 3375 et
1225 3326 1340 3392 quioquid

164 3411 282 3472 praeterea
307 3424 335 3457 ex
359 3407 546 3458 Plinii'Natur.
573 3409 638 3459 Hiat.
658 3409 747 3460 efficere
763 3413 879 3459 conantur
897 3409 943 3458 viri
961 3409 1036 3468 doati,
1054 3409 1139 3474 vitiose
1156 3409 1267 3458 oonoluaa
1283 3426 1341 3460 ease.

166 3490 236 3556 Quod
261 3496 338 3541 antem
364 3491 429 3556 apud
451 3491 537 3557 Duruy
564 3491 581 3541 l.
609 3491 626 3541 l.
654 3492 691 3542 bia
717 3492 805 3558 legitur
830 3509 858 3542 ax
883 3493 992 3559 quinqua
1009 3493 1096 3542 modiia
1112 3493 1230 3542 Romnum
1247 3492 1342 3542 airoitar

165 3575 278 3624 XXXXII
295 3574 463 3638 kilogrammaa
479 3579 547 3641 (queo
564 3575 686 3636 diountnr)
703 3577 791 3626 nostris
808 3575 953 3641 ponderibus
970 3575 1066 3634 coxisse,
1084 3576 1135 3626 aine
1152 3575 1340 3626 dabioerratum

165 3662 200 3706 eat
224 3673 268 3722 pro
293 3657 386 3706 XXXII
412 3657 585 3723 kilogrammia.
620 3660 666 3708 Sed
691 3675 773 3709 omnes
801 3659 860 3740 tates
886 3659 1072 3724 eomputationaa
1086 3658 1169 3708 dubias
1186 3674 1236 3708 aaaa
1252 3657 1341 3709 iterum

167 3755 257 3790 moneo.

203 3822 219 3876 Ι)
253 3823 289 3873 Do
306 3825 376 3874 modo
393 3841 440 3889 qno
457 3824 566 3876 nonnam
583 3825 695 3891 supplent
712 3825 761 3875 viri
778 3825 841 3875 dooti
859 3825 914 3874 vido
931 3841 986 3890 pag.
1005 3824 1053 3874 142
1062 3824 1116 3874 adn.
1127 3825 1188 3884 l,da
1196 3823 1249 3890 ipao
1257 3823 1342 3890 Lepidi

168 3905 267 3956 oonsilio
284 3922 337 3972 pag.
356 3907 412 3956 132.

201 3989 221 4051 ²)
255 3991 291 4040 Do
307 3990 351 4040 hac
368 3981 462 4057 quoquo
479 3990 530 4056 lego
547 3991 601 4042 vide
615 4007 686 4056 anpra
703 4007 755 4058 pag.
775 3992 832 4042 132.

200 4073 221 4134 ι)
255 4072 273 4124 l.
294 4073 312 4124 1.
335 4090 387 4140 pag.
406 4075 464 4124 ata.

201 4157 221 4218 ⁴)
254 4157 309 4207 Cio.
320 4157 367 4208 Pro
383 4157 443 4208 Saat.
458 4157 502 4218 at,
517 4159 557 4209 tt.

203 4239 223 4304 ι)
257 4239 345 4293 Herod.
362 4240 411 4304 111,
427 4241 451 4303 8,
469 4243 495 4294 b·
