3296 5008
38 817 51 832 γ.

38 842 74 860 ...r

68 928 73 937 ι

753 509 817 578 285

240 688 336 756 ans.
360 689 399 756 B.
423 689 465 756 G.
488 689 550 772 VI,
575 689 628 772 24,
651 689 693 757 4:

287 802 418 883 ,Nunc
443 802 608 890 quoniam
631 803 667 868 in
691 801 811 869 eadem
833 803 1323 891 inopia,egestatepatientia,

241 937 311 1002 qua
333 923 414 998 ente,
439 915 605 982 Germani
628 922 867 1003 permanent.”

239 1028 309 1095 Cic.
332 1028 431 1095 Catil.
454 1029 500 1112 II,
525 1029 579 1111 -11,
605 1030 668 1096 24:

242 1143 382 1229 „Neque
416 1164 480 1228 ego
514 1148 643 1210 ceteras
676 1143 800 1230 copiae,
835 1149 1049 1226 ornamenta,
1073 1141 1245 1232 praesidia
1270 1167 1324 1214 ve·

236 1262 306 1322 stra
339 1277 420 1322 cum
446 1255 539 1322 illius
561 1255 704 1324 latronis
727 1257 843 1344 inopia
867 1263 972 1345 atque
996 1265 1144 1343 egestate
1170 1259 1324 1326 conferre

237 1369 378 1436 debe0.’'

236 1483 327 1548 Plin.
351 1483 415 1570 Ep.
439 1483 522 1562 IIII,
547 1484 599 1566 18,
630 1485 671 1549 1:

66 1676 71 1687 Ι
162 1661 166 1666 ,
284 1597 427 1684 ,Inopia
448 1618 487 1664 ac
510 1597 634 1684 potina,
658 1601 698 1664 ut
719 1599 901 1666 Lucretius
924 1600 981 1682 ait,
1006 1606 1155 1686 egestate
1180 1600 1284 1688 patrii
1299 1623 1366 1668 ser·

239 1711 386 1778 monis.”

239 1825 332 1892 Suet.
356 1825 447 1892 Nero
471 1827 512 1892 6:

285 1939 418 2020 ,Paene
445 1939 545 2026 inops
565 1944 667 2027 atque
692 1941 827 2026 egena.''

237 2053 289 2120 id.
314 2053 365 2119 De
389 2053 545 2120 Gramm.
569 2053 610 2120 8:
810 2122 816 2134 ,

227 2249 230 2252 ¹
284 2166 401 2248 ,Adeo
423 2167 524 2254 inops
546 2172 649 2253 atque
676 2175 812 2252 egens.’'

236 2280 346 2347 Paule
379 2279 478 2357 aliter
512 2301 565 2346 res
598 2302 632 2346 se
665 2280 769 2348 habet
792 2282 828 2346 in
849 2279 923 2348 loco
947 2281 1019 2348 Cic.
1044 2282 1095 2348 De
1120 2282 1234 2350 Amic.
1259 2283 1369 2366 9,·29,

193 2393 253 2461 ubi
281 2394 450 2480 legimus:

229 2508 449 2596 ,(Amicitia,)
462 2529 568 2595 quam
580 2529 624 2574 ex
635 2507 751 2595 inopia
765 2514 868 2596 atque
880 2507 1074 2594 indigentia
1086 2515 1205 2576 natam
1213 2509 1367 2579 volunt.”

192 2621 247 2689 Ibi
280 2643 343 2709 pro
377 2629 507 2708 enatato
539 2621 717 2689 invenitur
739 2621 927 2707 indecentia.
974 2623 1145 2708 Magnum
1167 2620 1258 2691 inte'r
1281 2625 1367 2692 haec

192 2737 262 2802 duo
296 2734 512 2804 substantiva
546 2735 727 2802 discrimen
760 2757 830 2801 non
866 2735 1058 2804 intercedit.
1105 2737 1172 2804 Per
1205 2745 1369 2824 eyertctem

192 2850 304 2935 magis
323 2850 479 2917 condicio
507 2849 738 2916 laborantium
762 2855 902 2937 prepter
925 2857 1174 2938 paupertatem,
1198 2873 1260 2938 per
1281 2853 1368 2918 tect-

189 2965 335 3051 9cntc'um
362 2965 476 3051 potius
498 2964 706 3030 desiderium
729 2963 869 3030 illarum
892 2985 1019 3044 rerum,
1044 2965 1169 3052 quibua
1192 2966 1253 3034 vix
1277 2987 1368 3034 care-

192 3100 280 3160 muS,
305 3077 442 3146 videtur
465 3078 647 3164 designari.
672 3076 698 3165 ¹)

237 3306 312 3372 Iam
348 3305 376 3372 si
408 3307 501 3393 inops
535 3312 568 3374 et
590 3307 704 3394 inopie
727 3328 807 3372 cum
831 3305 973 3374 vocibus
992 3330 1118 3394 pauper
1141 3314 1174 3374 et
1195 3315 1370 3395 paupertas

193 3419 412 3502 conferimuS,
437 3441 573 3486 summa
596 3426 646 3486 est
668 3419 728 3486 illa
751 3420 805 3486 his
827 3420 937 3487 multo
960 3421 1128 3488 maiorem
1141 3421 1213 3490 vim
1227 3420 1365 3489 habere.

192 3533 295 3614 Quod
318 3533 399 3599 satis
421 3539 556 3620 pntete

238 3647 330 3714 Suet.
355 3647 510 3713 Gramm.
535 3648 598 3714 11:

286 3760 405 3842 ,Vixit
438 3760 482 3826 ad
515 3767 707 3828 extremam
730 3765 914 3844 senectam,
937 3760 996 3828 sed
1020 3761 1058 3826 in
1082 3782 1218 3827 summa
1241 3783 1323 3848 pau·

239 3875 342 3962 peric,
367 3881 401 3942 et
423 3895 509 3960 pene
532 3873 681 3962 inopia.”

240 3989 317 4058 Val.
342 3989 436 4056 Marr.
460 3989 544 4072 IIII,
568 3991 599 4071 8,
624 3990 666 4055 2:

197 4152 390 4162 —-—

230 4240 247 4301 ¹)
281 4236 319 4288 cf.
337 4235 442 4296 Senatu,
459 4236 511 4286 Lct.
528 4235 684 4302 Synonymik.
