3274 4998
737 521 802 590 19⁷
890 473 892 479 ’

182 701 449 788 pronuntiav't.''
476 700 501 788 1)
524 739 568 750 -
591 702 642 768 De
665 699 863 785 Elagabalo‚
884 723 993 788 quem
1016 700 1230 766 Phoenicum
1255 721 1347 766 more

182 813 286 880 subus
308 836 342 880 se
366 813 568 882 abstinuisse
592 815 683 895 dicit,
698 814 936 880 Herodianus:
954 815 1052 894 ημετὰ
1067 813 1098 875 δὲ
1114 813 1149 875 τὸ
1162 826 1353 892 καταγαγεῖν

183 927 269 988 αύτὸν
291 930 339 991 καὶ
362 930 472 1005 ἱδρῦσαι
494 927 523 989 ἐν
539 937 581 1007 τῷ
594 937 651 1007 ναῷ
664 931 720 1000 τὰς
732 951 766 989 τε
779 930 987 1006 προειρημένας
998 934 1106 999 θυσίας
1117 929 1165 991 καί
1177 929 1353 1006 πανηγύρεις

183 1041 322 1121 ἐπετέλει,
347 1043 477 1120 πύργους
500 1064 533 1102 τε
557 1048 721 1120 μεγίστους
742 1044 789 1105 καὶ
807 1045 1005 1124 ὑψηλοτάτους
1017 1043 1258 1122 κατασκευάσας,
1271 1041 1353 1100 ἀνιών

183 1176 217 1214 τε
250 1153 297 1215 ἐπ’
332 1155 438 1235 αύτοίς,
464 1154 590 1231 ἐρρίπτει
612 1167 673 1226 τοῖς
697 1156 808 1238 ’σ’χλοις,
833 1159 973 1235 ἁρπάζειν
997 1165 1087 1216 πᾶσιν
1112 1153 1282 1233 ἐπιτρέπων,
1308 1152 1353 1217 ἐκ·

183 1269 316 1346 πώματα
339 1289 373 1328 τε
397 1278 495 1351 χρυσᾶ
518 1276 566 1335 καὶ
588 1270 702 1347 ἀργυρᾶ
726 1267 861 1339 ἐσθῆτάς
884 1290 918 1329 τε
942 1273 991 1333 καὶ
1014 1268 1122 1338 ὀθόνας
1146 1269 1352 1348 παντοδαπάς,

184 1384 244 1460 ζῷά
270 1403 304 1441 τε
335 1384 446 1461 πάντα,
470 1381 526 1442 ὅσα
548 1384 643 1458 ἥμερα
667 1382 722 1442 ὅσα
745 1383 892 1460 ἁτίθασα,
916 1382 996 1453 πλὴν
1019 1387 1133 1464 χοίρων·
1158 1383 1269 1441 τούτων
1291 1380 1353 1458 γὰρ

183 1495 325 1577 ἀπείχετο
350 1495 483 1557 Φοινίκων
507 1498 596 1572 νόμω
621 1494 649 1555 ἐν
672 1496 707 1566 δὴ
719 1507 784 1563 ταῖς
796 1498 948 1573 ἁρπαγαῖς
959 1497 1066 1556 πολλοί
1078 1495 1282 1576 διεφθείροντο,
1297 1496 1352 1554 ύπύ

183 1629 217 1666 τε
239 1608 378 1680 ἀλλήλων
400 1610 578 1685 πατούμενοι
590 1613 639 1673 καὶ
652 1620 713 1676 τοῖς
725 1610 826 1684 δόρασι
838 1623 897 1674 τῶν
908 1617 1100 1685 στρατιωτῶν
1112 1613 1350 1688 περιπίπτοντες,

183 1721 220 1785 ὡς
242 1721 296 1792 τὴν
319 1719 423 1784 ἐκείνου
446 1721 546 1798 ἑορτὴν
569 1729 691 1792 πολλοῖς
715 1722 804 1803 φέρειν
827 1721 1010 1804 συμφοραν.”
1045 1719 1072 1807 ²)
1096 1758 1140 1769 —
1164 1721 1214 1786 De
1237 1719 1348 1786 Probo

182 1832 323 1899 Flavius
358 1834 546 1920 Vopiscus:
585 1834 707 1914 „Dedit
741 1835 907 1900 Romanis
941 1835 1045 1900 etiam
1079 1833 1282 1920 uoluptates,
1318 1839 1352 1900 et

184 1946 324 2032 quidem
358 1946 518 2031 insignes,
554 1947 674 2013 delatis
707 1947 810 2013 etiam
842 1948 1032 2032 congiariis,
1057 1947 1286 2033 triumphauit
1309 1946 1351 2013 de

183 2059 364 2124 Germanis
398 2066 431 2125 et
464 2059 661 2144 Blemmyis
697 2061 853 2126 omnium
887 2061 1044 2145 gentium
1068 2060 1220 2144 drungos
1243 2082 1351 2146 usque

182 2173 225 2237 ad
260 2173 522 2259 quinquagenos
556 2174 713 2240 homines
747 2181 826 2240 ante
858 2174 1075 2259 triumphum
1109 2173 1219 2238 duxit.
1249 2194 1352 2238 uena·

182 2287 311 2352 tionem
344 2286 381 2351 in
414 2287 503 2352 circo
526 2287 774 2374 amplissimam
798 2287 900 2364 dedit,
926 2287 974 2351 ita
997 2292 1036 2351 ut
1059 2285 1206 2372 populus
1228 2292 1352 2352 cuncta

183 2398 353 2486 diriperet.
378 2421 487 2484 genus
510 2406 626 2466 autem
650 2400 833 2487 spectaculi
856 2400 922 2464 fuit
944 2399 1032 2465 tale:
1057 2398 1193 2464 arbores
1217 2398 1350 2466 ualidae

182 2534 243 2598 per
274 2512 401 2579 milites
424 2513 585 2579 radicitus
609 2513 726 2579 uulsae
750 2514 888 2580 conexis
911 2513 978 2578 late
1001 2512 1171 2599 longeque
1197 2511 1351 2579 trabibus

182 2625 316 2692 adfixae
349 2633 438 2707 sunt,
474 2633 564 2692 terra
599 2627 722 2693 deinde
758 2627 947 2713 superiecta
981 2632 1139 2712 totusque
1174 2626 1284 2692 circus
1307 2627 1351 2692 ad

181 2738 287 2805 siluae
311 2741 460 2806 consitus
482 2741 631 2826 speciem
654 2741 764 2825 gratia
787 2741 869 2806 noui
892 2741 1014 2806 uiroris
1037 2739 1233 2805 effronduit.
1257 2740 1351 2825 missi

182 2852 305 2919 deinde
356 2875 416 2939 per
454 2875 572 2919 omnes
613 2854 725 2919 aditus
759 2854 942 2919 strutiones
977 2853 1081 2934 mille,
1118 2852 1211 2918 mille
1246 2853 1349 2934 cerui,

181 2965 282 3031 mille¹
309 2967 404 3052 apri3
441 2967 511 3031 iam
550 2967 680 3048 damae,
719 2967 832 3044 ibices,
866 2989 947 3032 oues
970 2968 1059 3032 ferae
1084 2973 1117 3031 et
1141 2972 1253 3032 cetera
1277 2967 1351 3032 her-

185 3079 296 3146 batica
337 3080 509 3162 animalia,
542 3086 671 3166 quanta
705 3080 761 3146 uel
797 3081 842 3145 ali
877 3087 1063 3167 potueruut
1099 3081 1154 3144 uel
1189 3080 1348 3144 inueniri.

180 3193 312 3258 inmissi
346 3194 469 3260 deinde
504 3194 694 3280 populares,
728 3195 842 3281 rapuit
873 3195 1016 3281 quisque
1043 3193 1134 3280 quod
1158 3193 1299 3259 uoluit.'’
1323 3191 1350 3278 ⁸)

214 3405 235 3464 l)
269 3404 331 3453 Suet.
349 3405 418 3453 Dom.
433 3407 457 3452 4.
475 3405 511 3452 De
520 3405 649 3453 Domitiani
661 3405 793 3454 missilibus
804 3405 856 3454 vide
865 3405 935 3454 etiarn
945 3405 991 3452 Dio
1000 3405 1095 3463 LXVII,
1105 3407 1128 3461 4,
1139 3407 1154 3452 4
1165 3405 1204 3466 (ol.
1215 3420 1266 3468 pag.
1278 3404 1350 3466 lem:

183 3500 261 3559 ρτοῖς
283 3510 317 3548 τε
340 3489 498 3564 θεωμένοις
520 3490 618 3571 συχνὰ
641 3489 687 3549 διὰ
710 3496 769 3550 τῶν
792 3495 927 3571 σφαιρίων
951 3487 1075 3550 ἒδίδου.”

213 3591 232 3652 ²)
267 3591 353 3641 Herod.
363 3591 390 3649 V,
401 3593 424 3650 6,
434 3594 448 3640 9
459 3607 506 3656 seq.
516 3593 558 3640 Vel
568 3593 588 3641 si
598 3593 673 3641 meris
683 3592 746 3641 Aelii
757 3594 887 3657 Lampridii
897 3594 1056 3643 narrationem
1065 3595 1163 3655 (Anton.
1175 3592 1298 3656 Heliognb.
1309 3593 1350 3651 22,

180 3674 219 3736 1):
239 3675 331 3739 „Sortes
349 3691 403 3723 sane
419 3675 557 3724 conuiuales
575 3676 673 3740 scriptas
690 3677 716 3724 in
734 3676 878 3724 coclearibus
895 3676 1053 3735 habuittslcs,
1064 3676 1350 3724 uteliusexierit¹decem

179 3757 294 3814 camelos',
311 3757 374 3806 alius
390 3758 480 3806 ‘decem
498 3758 606 3817 muscas',
619 3758 681 3807 alius
697 3759 787 3807 'decem
806 3759 878 3807 libres
895 3760 963 3817 auri’,
980 3759 1042 3807 elius
1058 3759 1149 3806 “decem
1166 3758 1276 3822 plumbi,
1286 3757 1350 3806 alius

178 3840 268 3889 'decem
289 3840 433 3898 strutiones,
451 3841 513 3890 alius
524 3842 614 3890 'decem
625 3858 669 3890 oua
678 3843 788 3906 pulliua',
799 3847 825 3890 ut
834 3858 887 3890 uere
896 3845 968 3890 sortes
977 3845 1054 3889 essent
1063 3845 1085 3889 et
1097 3842 1144 3889 fata
1153 3841 1350 3905 temptarentur.¹’

211 3922 230 3984 ³)
264 3922 358 3987 Vopisc.
380 3923 473 3972 Probus
501 3924 539 3982 19,
567 3925 579 3971 l
607 3941 662 3988 seqq
705 3925 789 3973 Simile
806 3925 872 3988 qnid,
890 3924 946 3972 licet
962 3923 1138 3987 aliquantulum
1156 3923 1236 3972 minus
1252 3925 1349 3988 grande,

177 4006 278 4054 traditur
303 4006 331 4054 de
348 4007 466 4055 Gordiano
486 4007 571 4071 primo,
589 4007 629 4070 qui
647 4012 741 4055 auctore
758 4007 821 4055 Iulio
839 4006 974 4070 Capitolino
992 4006 1117 4068 (Gordiani
1135 4010 1181 4055 tres
1199 4007 1222 4065 3,
1241 4008 1254 4054 5
1273 4012 1347 4072 seqq.)

179 4089 321 4154 „aedilitatis
347 4107 402 4139 suae
427 4095 531 4154 tempore
559 4090 683 4139 duodecim
710 4090 797 4155 populo
822 4091 927 4138 Romano
952 4105 1062 4147 munera,
1088 4090 1113 4138 id
1134 4095 1169 4138 est
1185 4107 1227 4154 per
1244 4091 1350 4155 singulos

179 4187 268 4221 menses
286 4172 380 4237 singule
398 4173 426 4221 de
444 4190 485 4221 suo
503 4173 634 4222 exhibuit.”
669 4173 781 4222 Eiusdem
799 4173 884 4221 silvam
902 4176 990 4222 exstare
1008 4177 1087 4222 narrat
1105 4173 1290 4234 memorabilem,
1308 4176 1349 4240 „in

179 4271 224 4319 que
241 4255 348 4320 pictum”
367 4284 398 4293 —
417 4265 443 4305 ut
460 4256 591 4322 Capitolini
610 4255 686 4304 verbis
705 4259 756 4305 uter
773 4284 805 4292 —-
823 4257 911 4322 „etiem
929 4273 993 4305 nuno
1009 4256 1162 4306 continentur
1178 4257 1350 4323 ceruipalmuti
