3274 4998
774 427 834 492 141

214 603 267 671 vir
288 603 413 670 nobilis
435 604 649 671 frumentum
672 604 851 692 publicum
870 605 1048 693 acciperet,
1064 605 1162 672 facile
1175 606 1326 673 adducor
1338 606 1382 672 ad

213 718 432 784 credendum.
478 718 623 784 Modum
648 725 765 785 tamen
789 719 942 800 excedas,
967 719 995 785 si
1018 741 1063 785 ex
1085 720 1149 786 isto
1162 718 1236 785 loco
1249 719 1382 786 efficere

212 830 295 897 velis
318 831 450 898 nobiles
472 853 591 898 revera
613 833 649 897 in
662 833 970 898 frumentationum
986 833 1277 920 partemvenisse.
1302 833 1382 921 Ipsa

211 945 309 1026 facta,
344 945 475 1032 opinor,
506 945 691 1011 ostendunt
726 951 823 1012 extra
846 945 1004 1012 ordinem
1027 951 1110 1012 tuno
1140 945 1272 1033 aliquid
1297 947 1383 1014 acci·

210 1058 307 1125 disse.
341 1058 434 1132 ,Non
468 1057 580 1124 solum
615 1058 842 1145 quaerebatur
871 1059 931 1145 qui
955 1058 1020 1125 sibi
1042 1065 1211 1125 constaret
1233 1058 1291 1124 ille
1316 1059 1380 1139 vir,

210 1193 290 1238 oum
314 1193 355 1238 ea
376 1171 451 1256 lege
475 1172 689 1238 frumentum
712 1178 851 1258 peteret,
877 1193 983 1259 quam
1006 1172 1238 1253 dissuasisset;
1263 1171 1323 1238 sed
1346 1172 1382 1238 id

210 1286 334 1372 ipsum,
371 1285 463 1373 quod
497 1286 551 1352 vir
584 1285 771 1351 consularis
803 1291 952 1366 venerat,
987 1285 1092 1372 idque
1115 1285 1152 1351 in
1175 1285 1382 1366 contionem,

211 1399 339 1464 mirum
369 1405 549 1485 accept-um
572 1420 642 1465 esse
667 1398 812 1464 videtur.
859 1399 1043 1465 Contiones
1064 1405 1181 1465 autem
1204 1399 1383 1486 postremis

209 1511 335 1579 liberae
370 1513 419 1578 rei
454 1511 611 1599 publicae
651 1511 794 1578 saeculis
816 1511 977 1596 ignobilis
1005 1511 1099 1597 vulgi
1124 1513 1234 1598 magis
1260 1513 1383 1597 magis·

212 1648 276 1714 que
322 1633 513 1693 conventus
549 1625 688 1692 fiebant.
735 1627 904 1712 Tempore
941 1647 1009 1713 quo
1045 1626 1196 1693 vivimus
1233 1625 1382 1693 vocabu·

212 1740 282 1805 lum
322 1739 503 1824 Belginum
538 1740 611 1806 colle
643 1739 778 1826 saepius
812 1761 892 1805 cum
924 1739 999 1805 aliis
1036 1739 1226 1825 copulatur,
1262 1739 1311 1804 ita
1345 1745 1384 1805 ut

211 1875 300 1920 nova
330 1852 501 1919 vocabula
523 1853 697 1933 exsistant,
722 1852 838 1939 qualia
861 1859 941 1918 sunt
962 1853 1157 1934 rollebodcn,
1181 1853 1381 1940 oollctopeloa,

210 1967 508 2052 oolleopocrlecakem
540 1974 574 2032 et
609 1988 696 2054 quae
720 1972 800 2032 sunt
819 1967 953 2051 generis
976 1966 1140 2032 eiusdem.
1187 1966 1284 2032 Certe
1308 1965 1383 2031 uni·

211 2081 334 2167 cuique
382 2081 605 2167 quantumvis
650 2081 692 2147 sit
736 2079 887 2166 locuples
923 2078 1047 2145 talibus
1081 2077 1211 2145 balneis
1246 2079 1382 2166 popinis

211 2193 379 2260 similibus
421 2193 471 2262 uti
506 2193 595 2272 licet,
638 2215 700 2260 nee
735 2200 853 2259 tamen
888 2214 1008 2259 revera
1041 2191 1202 2258 omnibus
1237 2199 1380 2279 prosunt

211 2305 425 2374 omniumve¹
446 2307 524 2373 usui
558 2307 727 2373 destinata
749 2313 839 2374 sunt.
886 2307 1006 2394 Neque
1031 2305 1129 2371 aliter
1151 2311 1235 2392 puto
1261 2327 1295 2372 se
1323 2305 1382 2372 ha·

211 2420 321 2488 buisse
345 2421 637 2488 frumentationes.
664 2419 689 2508 ¹)

254 2535 351 2601 Haec
387 2535 529 2622 quidem
552 2535 729 2602 hactenus.
774 2534 852 2600 Iam
874 2539 1087 2600 transeamus
1110 2532 1152 2598 ad
1177 2537 1382 2618 argumenta

212 2670 298 2735 quae
345 2670 448 2735 supra
482 2649 683 2715 enumeravi
719 2655 756 2714 ut
790 2648 1061 2713 demonstrarem
1098 2645 1382 2713 frumentationes

211 2769 244 2827 ct
265 2762 365 2827 initio
388 2768 422 2828 et
445 2768 562 2847 postea
574 2762 765 2846 generatim
777 2761 878 2828 fuisse
892 2761 1077 2828 destinatas
1088 2761 1265 2827 Romanae
1278 2759 1381 2846 plebi.

211 2877 306 2956 Quae
341 2897 422 2943 vero
457 2875 500 2942 ab
534 2875 609 2941 aliis
644 2876 680 2942 in
704 2876 910 2942 contrariam
934 2881 1067 2961 partem
1090 2875 1319 2962 proferuntur,
1341 2895 1381 2939 ea

211 3011 271 3056 suo
296 2989 457 3077 quodque
481 2988 555 3056 loco
579 2990 726 3056 refutare
750 2988 909 3055 conabor.

254 3126 285 3169 o.
339 3103 498 3172 Vocobcla
533 3091 647 3190 quibos
679 3104 717 3168 irc
749 3103 806 3168 hcc
827 3125 860 3168 rc
885 3108 1018 3168 rotaretur
1042 3102 1205 3188 scriptores
1227 3101 1380 3167 Romani.

210 3217 373 3302 Legimus
396 3216 491 3282 enim
514 3217 582 3283 Cic.
606 3217 672 3282 Pro
685 3215 767 3282 Sest.
782 3216 835 3296 48,
850 3216 934 3281 103;
960 3213 1256 3295 ,Frumentariam
1268 3213 1381 3299 legem

214 3331 250 3397 Ο.
286 3330 466 3397 Gracchus
499 3329 638 3396 ferebat.
683 3330 841 3395 Iucunda
865 3350 918 3395 res
941 3327 1127 3415 plebei;
1152 3327 1263 3394 victus
1286 3325 1380 3393 enim

246 3565 268 3614 ¹)
302 3560 382 3610 Nimis
407 3561 476 3625 longe
493 3562 617 3626 repetitum
634 3562 695 3610 mihi
714 3562 807 3610 videtur
824 3561 995 3610 nonnullorum
1013 3588 1045 3598 —
1065 3564 1091 3610 ut
1106 3560 1200 3609 Neudct
1216 3560 1273 3622 (Des
1290 3574 1381 3608 seooure

212 3642 305 3706 publice
322 3644 376 3692 chez
394 3643 428 3692 les
447 3645 567 3703 Romuins,
584 3645 610 3692 in
628 3643 753 3693 Memoires
770 3646 798 3693 de
812 3644 830 3692 l'
847 3645 910 3693 acad.
929 3644 1007 3708 royelc
1024 3645 1064 3692 des
1081 3644 1165 3692 inecrr.
1183 3641 1381 3691 othones-lettres

211 3725 270 3774 Xlll
288 3726 383 3788 (1838),
400 3743 453 3792 pag.
472 3728 521 3786 20),
538 3727 639 3776 Lebatut
655 3727 681 3789 (l.
700 3727 717 3776 l.
735 3744 787 3792 pag.
803 3727 869 3787 192),
886 3727 1016 3776 Radbertus
1033 3726 1060 3788 (l.
1078 3726 1096 3774 l.
1114 3741 1165 3790 psg.
1184 3725 1381 3790 elsi—,opinio

210 3825 300 3872 exque
318 3810 464 3858 frumentum
482 3811 511 3859 nd
528 3811 639 3858 Pisonem
659 3811 806 3874 pertinuerit,
824 3811 886 3874 quod
904 3809 1034 3873 Calpurnia
1050 3825 1107 3872 gens
1124 3814 1183 3858 esset
1200 3808 1297 3872 plebeio.
1316 3808 1382 3858 Num

214 3898 274 3941 recte
290 3892 422 3941 Radbertus
439 3893 512 3941 dicit:
531 3894 635 3957 „Zudem
652 3897 735 3941 stiitrte
753 3894 803 3942 sich
818 3894 843 3956 ja
860 3894 899 3941 die
915 3909 987 3957 genre
1004 3891 1158 3940 Gracchische
1175 3893 1308 3955 Bewegung
1319 3893 1380 3941 noch

210 3976 253 4023 eui
266 3976 311 4024 den
330 3976 458 4040 Gegensatz
476 3992 522 4025 von
541 3977 670 4025 Potriciern
690 3976 738 4024 und
756 3975 925 4038 Plebejernf'?
942 3975 1055 4024 Sallustio
1072 3979 1165 4023 auctore
1182 3975 1310 4023 discrimen
1319 3975 1382 4024 inter

210 4059 319 4122 patricios
345 4065 367 4108 et
390 4059 493 4124 plebeios
510 4061 536 4109 in
553 4060 648 4126 publice
665 4060 715 4108 vita
731 4064 780 4108 erat
797 4059 916 4108 subletum
934 4059 1001 4108 finito
1019 4057 1082 4108 bello
1098 4059 1190 4108 Punico
1207 4059 1317 4110 secundo.
1344 4059 1381 4111 Ol.

211 4141 280 4206 Voigt
296 4142 322 4190 in
341 4143 383 4193 Iw.
401 4159 424 4192 v.
442 4143 498 4193 M.'s
516 4143 610 4194 Handb.
628 4143 669 4201 IV,
687 4143 722 4202 2²,
739 4159 791 4211 pag.
809 4141 866 4196 337.
