3274 4998
713 531 779 598 165.

158 709 253 776 initio
288 709 396 798 posui,
433 709 691 795 egentissimum
727 730 899 797 quemque
935 731 1046 798 neque
1082 708 1193 776 solum
1216 731 1328 797 neque

159 823 372 910 potissimum
396 823 598 911 participem
622 824 724 890 fuisse
748 822 1065 889 frumentationum.
1091 822 1117 910 ¹)

233 1007 257 1051 o.
303 985 381 1065 Quo
405 985 507 1052 modo
531 986 745 1052 frumentum
767 984 947 1073 publicum
971 983 1262 1050 distribuebatur?

189 1148 344 1215 Breviter
356 1153 491 1214 tantum
504 1148 672 1234 attingam
686 1147 827 1213 modum
842 1167 910 1233 quo
922 1147 1136 1212 frumentum
1149 1145 1328 1233 publicum

159 1259 432 1343 distribuebatur,
459 1261 540 1350 quia
563 1261 619 1328 hic
641 1259 737 1328 locus
760 1259 878 1326 multis
901 1258 1099 1326 nominibus
1115 1259 1271 1326 nondum
1284 1260 1326 1326 ad

157 1373 329 1462 liquidum
350 1380 401 1440 est
422 1373 606 1460 perductus
621 1381 655 1440 et
670 1373 713 1440 ad
726 1373 938 1461 propositum
950 1395 1067 1440 meum
1080 1395 1203 1460 parum
1215 1374 1328 1441 refert.

200 1488 251 1554 De
274 1487 530 1573 magistratibus
551 1487 588 1552 in
611 1509 647 1554 re
670 1486 895 1570 frumentaria
917 1486 1089 1573 occupatis
1113 1485 1223 1552 multa
1247 1493 1328 1553 sunt

157 1601 295 1667 incerta.
341 1601 446 1666 Initio
480 1601 641 1668 universa
674 1622 831 1666 annonae
859 1621 942 1667 cura
965 1621 1070 1687 penes
1092 1599 1218 1666 aediles
1240 1606 1324 1666 erat.

157 1713 224 1792 Qui
247 1735 328 1780 eum
351 1713 561 1802 amplissimo
584 1714 721 1780 numeri
744 1693 886 1779 minime
906 1735 1004 1801 pares
1016 1720 1127 1778 essent
1139 1719 1174 1779 et
1184 1713 1325 1800 insuper

157 1827 250 1894 urbis
282 1829 414 1894 Romae
442 1827 569 1894 finibus
590 1827 857 1908 continerentur,
882 1849 943 1914 pro
967 1833 1122 1914 tempore
1146 1833 1180 1894 et
1205 1848 1267 1914 pro
1290 1849 1326 1894 re

158 1941 291 2028 saepius
317 1942 412 2008 varia
436 1941 580 2008 concilia
602 1947 701 2008 erant
723 1941 899 2028 capienda.
930 1941 973 2006 In
986 1941 1040 2006 his
1051 1939 1327 2007 commemorabo

157 2053 277 2140 legem,
316 2076 406 2143 ,qua
439 2055 606 2142 Pompeio
642 2076 703 2142 per
738 2055 1014 2142 quinquennium
1045 2054 1157 2120 omnis
1180 2060 1328 2140 potestas

157 2169 205 2234 rei
227 2169 471 2235 frumentariae
496 2175 565 2235 toto
588 2168 670 2235 orbe
694 2175 862 2234 terrarum
886 2167 1056 2234 daretur.”
1081 2165 1107 2254 Β)
1139 2167 1328 2234 Tumduos

157 2281 281 2348 aediles
305 2281 452 2348 Ceriales
475 2305 496 2348 a
521 2282 662 2349 Caesare
686 2281 886 2348 constitutos
917 2281 997 2367 „qui
1011 2281 1183 2346 frumento
1196 2302 1327 2368 praees·

157 2396 262 2477 sent'',
286 2393 313 2482 ⁸)
338 2402 554 2484 quaestorem
577 2395 778 2476 Ostiensem,
805 2401 977 2461 curatores
1000 2400 1096 2460 extra
1110 2394 1265 2460 ordinem
1277 2395 1327 2461 rei

156 2509 400 2575 frumentariae
441 2510 659 2597 praepositos.
683 2509 710 2596 ⁴)
758 2509 925 2574 Annonae
961 2529 1043 2574 cura
1067 2529 1157 2574 anno
1181 2531 1211 2574 a.
1240 2531 1272 2575 u.
1297 2531 1325 2575 c.

156 2624 220 2688 732
255 2625 311 2708 (z
347 2645 377 2689 a.
414 2623 495 2690 Chr.
534 2645 567 2689 n.
603 2625 659 2710 22)
697 2623 853 2707 Augusto
888 2621 1044 2687 iniuncta
1068 2619 1092 2708 ὅ)
1119 2622 1260 2688 tandem
1282 2623 1326 2688 ad

156 2736 374 2803 stabilitatem
411 2737 567 2824 pervenit
599 2759 680 2803 oum
714 2737 834 2803 eodem
869 2757 941 2813 rem
979 2734 1153 2822 publicam
1187 2743 1325 2820 gerente

157 2851 419 2916 constitueretur
453 2851 643 2939 praelectus
676 2871 832 2916 annonae
863 2871 967 2936 eques
992 2849 1179 2915 Romanus.
1225 2849 1325 2927 Quod

8 2999 9 3056 q
60 3021 62 3026 .
157 2985 293 3046 munus,
328 2964 484 3052 amplum
518 2972 608 3030 certe
642 2986 681 3030 ac
717 2963 950 3048 magnificum,
976 2969 1058 3028 tuno
1081 2962 1223 3028 demum
1248 2983 1326 3028 con·

179 3241 210 3302 ·l)
244 3243 305 3292 adai
324 3243 399 3308 possit
415 3259 454 3292 eos
472 3244 513 3308 qni
532 3245 678 3294 frumentum
697 3224 828 3310 acciperent
844 3229 924 3308 (τοὺς
944 3227 979 3292 τὲ
996 3231 1158 3308 σιτηρέσιον
1175 3231 1325 3311 φέροντας)

156 3325 277 3390 Caligulae
302 3327 438 3392 imperatori
460 3327 566 3390 singulos
584 3327 690 3392 singulas
711 3330 833 3378 drachmas
850 3329 964 3378 obtulisse
981 3329 1010 3377 ad
1027 3332 1115 3377 statuas
1132 3329 1254 3392 erigendas
1271 3330 1326 3391 (Dio

155 3409 219 3458 Cass.
237 3409 299 3468 LIX,
318 3411 342 3468 6,
359 3413 392 3470 4),
410 3411 473 3475 quod
491 3413 590 3475 inopum
608 3428 657 3460 esse
674 3414 802 3473 negaveris.
829 3415 860 3462 At
880 3428 933 3461 oum
951 3412 1062 3460 drachma
1081 3417 1141 3461 esset
1158 3413 1257 3476 pecunia
1269 3413 1326 3462 satis

51 3507 52 3513 ¹
154 3508 232 3556 parva,
252 3493 309 3541 huie
325 3500 462 3558 argumento
480 3511 565 3558 magna
583 3495 618 3543 vis
636 3495 709 3544 tribui
728 3497 817 3560 nequit.

187 3575 206 3636 ἲ)
241 3575 291 3626 Cic.
309 3577 347 3625 hd
363 3577 413 3626 Att.
431 3577 472 3635 lv,
491 3577 514 3637 1,
532 3578 554 3630 7.
606 3578 643 3627 Cl'.
661 3579 731 3627 etiarn
749 3595 801 3644 pag.
820 3579 875 3628 133.

186 3658 207 3716 ³)
241 3659 611 3725 Pompon.1)ig.1,a,a,aa.

186 3744 206 3803 ⁴)
240 3743 275 3791 De
300 3744 412 3792 omuibus
439 3744 503 3792 hisce
531 3745 707 3808 magistratibus
732 3747 757 3793 cl
785 3746 896 3794 Momms.
922 3745 978 3794 sea.
995 3743 1031 3793 11³
1049 3761 1116 3808 pagg.
1134 3745 1184 3793 480
1202 3761 1257 3809 seq,
1276 3746 1324 3795 503

154 3841 209 3889 req„
236 3827 282 3879 571
310 3843 364 3876 cum
393 3828 447 3875 adn.
476 3829 497 3884 l,
525 3828 821 3886 transmarinam
842 3834 976 3893 seqq.,etc.
1012 3827 1081 3891 Quod
1097 3828 1127 3876 ad
1144 3827 1230 3876 aediles
1247 3828 1325 3892 plebis

153 3907 265 3966 Ceriales,
290 3910 320 3958 ad
345 3925 396 3974 pag.
415 3911 462 3958 481
482 3912 535 3960 adn.
555 3912 567 3960 l
586 3911 691 3960 addenda
708 3915 762 3960 sunt
778 3928 837 3976 quae
854 3911 956 3960 contulit
972 3910 1144 3967 Gardthausen,
1162 3912 1283 3974 Angustus
1300 3929 1324 3962 u.

153 3992 216 4040 aeine
233 3992 292 4052 Zeit,
309 3993 334 4040 II
352 4009 404 4056 pag.
423 3993 471 4041 318
490 4010 537 4058 req.

187 4075 205 4135 ι)
239 4075 384 4132 Hirschfeld,
402 4076 430 4126 V.
448 4077 476 4126 G.
494 4077 507 4124 1
524 4094 576 4142 pag.
596 4077 643 4126 130
664 4078 718 4126 adn.
738 4078 760 4136 1,
778 4078 825 4126 iarn
839 4077 883 4126 illo
899 4093 962 4126 anno
978 4076 1004 4125 in
1021 4080 1162 4142 perpetuum
1173 4077 1324 4128 hunocuram

151 4174 165 4206 a
182 4158 291 4223 principe
308 4164 424 4224 receptam
441 4176 489 4209 esse
506 4167 582 4225 negat,
600 4165 682 4210 contra
698 4177 768 4225 quem
786 4161 841 4210 vide
858 4161 968 4210 Momme.
987 4159 1004 4210 l.
1022 4159 1040 4210 l.
1057 4176 1110 4227 pag.
1129 4161 1194 4211 1038
1206 4163 1323 4214 cumudn.

153 4242 166 4292 l
185 4245 208 4291 et
224 4241 360 4293 MDA)
376 4259 429 4308 pag.
447 4244 486 4293 25.
