3226 4998
754 477 795 543 71

184 657 227 722 In
250 656 453 722 memoriam
477 677 634 722 revocare
658 677 728 721 non
752 658 815 722 erit
838 679 972 724 necesse
997 664 1125 745 quanta
1149 655 1232 723 olim
1255 653 1358 718 fuerit

185 777 284 856 togae
315 770 463 855 dignitas
475 793 488 850 ;·
508 770 566 835 sed
590 770 649 856 qui
672 776 754 836 tunc
777 770 941 838 vivebant
964 772 1121 837 homines
1144 770 1273 836 decoris
1297 769 1358 833 mi-

185 905 250 949 nus
289 882 429 948 studiosi
464 890 569 948 erant.
616 884 730 962 Quare
765 883 942 970 Augustus
980 885 1072 964 „visa
1096 883 1271 971 quondam
1294 904 1356 969 pro

185 996 343 1062 contione
377 995 588 1082 pullatorum
620 997 729 1078 turba,
765 997 1052 1083 indignabundus
1083 1003 1120 1062 et
1155 997 1354 1062 clamitans:

184 1110 238 1174 Ea
270 1109 440 1190 Romanoa,
474 1132 581 1175 rerum
613 1111 765 1191 dominos,
787 1118 970 1198 pontemque
995 1113 1158 1196 topotoml
1180 1110 1358 1194 negotium

186 1222 354 1288 aedilibus
377 1223 479 1304 dedit,
504 1245 547 1288 ne
570 1245 675 1309 quem
697 1225 837 1310 posthac
861 1231 1059 1310 paterentur
1081 1224 1118 1288 in
1141 1224 1212 1288 foro
1226 1224 1357 1289 circaue

187 1336 254 1401 nisi
283 1335 400 1422 positis
428 1335 572 1402 lacernis
606 1343 762 1421 togatum
797 1338 1010 1403 consistere.''
1026 1336 1052 1424 ¹)
1086 1337 1272 1402 Tenuiores
1295 1337 1357 1400 im-

187 1449 307 1536 primis
330 1449 439 1535 posita
462 1457 541 1534 toga
564 1450 600 1515 in
623 1451 747 1516 tunicis
771 1451 905 1537 prodire
929 1472 1000 1516 non
1024 1456 1103 1516 sunt
1125 1449 1234 1532 ueriti.
1270 1449 1356 1514 lude

187 1563 281 1649 apud
308 1563 513 1629 Horatium:
542 1564 737 1644 „Volteium
761 1587 861 1630 mane
886 1565 1067 1650 Philippus
1091 1563 1183 1630 Vilia
1207 1563 1357 1628 uenden-

186 1682 259 1742 tem
281 1677 433 1742 tunicato
456 1684 569 1743 scruta
592 1678 726 1764 popello
751 1678 934 1764 Occupat.''
959 1676 984 1764 ς)
1012 1678 1056 1742 Et
1075 1676 1168 1762 apud
1180 1676 1354 1742 Tacitum:

189 1789 345 1874 „Vulgus
369 1811 505 1877 quoque
528 1791 728 1877 imperitum
751 1798 785 1857 et
807 1791 979 1856 tunicatus
996 1791 1057 1855 vhio
1073 1789 1251 1876 populus.''
1267 1789 1292 1876 3)
1305 1789 1355 1854 of.

187 1903 293 1970 etiam
323 1903 439 1970 Senec.
475 1905 538 1990 Ep.
575 1905 659 1970 Mor.
694 1906 739 1987 ΙΙ,
777 1928 829 1991 ep.
866 1904 989 1991 6(18),
1015 1905 1057 1969 5:
1107 1905 1222 1984 „Dura
1254 1909 1356 1990 atque

186 2017 326 2082 horrida
356 2019 481 2084 veste.’'
506 2056 550 2066 —
572 2017 654 2084 ibid.
680 2025 695 2099 ξ
718 2019 759 2084 7;
788 2018 978 2098 „Grabatus
1002 2018 1059 2083 ille
1072 2039 1173 2084 verus
1185 2018 1228 2082 sit
1240 2024 1273 2082 et
1296 2039 1356 2081 sa-

187 2152 292 2216 gum
296 2182 433 2196 .....
438 2133 455 2161 ”
506 2132 673 2211 „Pallae”
708 2133 828 2217 igitur
848 2132 972 2212 „etiam
995 2131 1195 2196 dicebantur
1218 2130 1356 2195 infimae

187 2244 297 2330 plebis
320 2245 485 2326 homines,
511 2246 603 2331 quod
625 2246 695 2312 sive
719 2247 834 2331 togati,
856 2246 926 2311 sive
939 2245 1123 2332 paenulati,
1137 2245 1207 2310 sive
1221 2249 1357 2308 tantum

187 2359 332 2424 tunicati
365 2365 484 2440 essent,
509 2360 582 2445 ipso
606 2381 685 2424 suae
710 2360 790 2424 artis
813 2381 887 2440 usu,
912 2366 987 2423 tum
1010 2358 1168 2442 angustia
1190 2357 1239 2422 rei
1263 2357 1359 2421 fami-

187 2471 280 2537 liaris
314 2473 563 2559 impedirentur
586 2472 680 2538 albas
703 2495 741 2538 ac
765 2473 889 2538 nitidas
913 2493 1046 2558 semper
1069 2477 1178 2538 vestes
1201 2469 1357 2535 habere.''

192 2584 362 2674 (Forcell.)
386 2586 412 2673 ⁴)
1013 2671 1015 2676 Α

237 2700 448 2765 Tenuiorum
486 2701 667 2766 hominum
702 2701 773 2766 vita
806 2700 922 2787 aliqua
955 2721 998 2764 ex
1029 2703 1124 2784 parte
1147 2696 1361 2781 cognoscitur

193 2833 236 2876 ex
260 2813 367 2899 poetis
390 2813 548 2880 iuvenali
571 2821 604 2879 et
627 2814 785 2895 Martiali,
804 2836 821 2879 e
840 2811 964 2900 quibus
977 2812 1108 2898 aliquot
1119 2810 1209 2876 locos
1220 2809 1359 2874 laudare

193 2925 237 2989 ad
258 2932 395 3010 egentes
417 2928 625 3013 pertinentes
647 2949 717 2992 non
741 2909 894 2992 alienum
914 2926 1059 2992 videtur.

237 3039 332 3105 Inter
360 3063 505 3126 magnae
537 3041 630 3107 urbis
653 3041 871 3107 incommoda
895 3061 981 3127 quae
1002 3059 1169 3126 pauperes
1191 3037 1361 3123 imprimis

194 3160 360 3220 vexarent
394 3192 436 3202 -
459 3177 541 3220 narn
568 3156 721 3240 „magnis
744 3155 865 3241 opibus
879 3154 1055 3219 ‘dormitur
1078 3153 1115 3216 in
1138 3151 1242 3215 urbe'’
1270 3150 1294 3238 5)
1317 3188 1360 3197 -

194 3267 368 3333 Iuvenalis
408 3276 654 3335 commemorat
686 3275 890 3355 perpetuum
924 3266 1104 3351 strepitum
1126 3265 1163 3328 in
1187 3263 1306 3350 plateis
1329 3269 1362 3327 et

195 3381 267 3446 foro
302 3382 362 3469 qui
385 3405 544 3449 somnum
567 3385 608 3448 iis
631 3383 803 3449 adimebat
826 3381 1010 3467 multisque
1034 3402 1135 3445 causa
1159 3385 1239 3464 erat
1253 3385 1292 3442 ut
1315 3401 1363 3444 as·

231 3637 248 3697 ¹)
273 3639 336 3686 Suet.
361 3641 421 3702 Aug.
440 3641 479 3688 40.
499 3641 534 3688 Cl.
553 3641 623 3688 etiam
642 3641 697 3703 Cap.
718 3643 765 3688 44:
786 3641 929 3704 „sanxitque
947 3656 976 3686 ne
993 3639 1047 3702 quis
1056 3638 1200 3701 pullatorum
1210 3636 1286 3683 media
1295 3651 1364 3682 cavea

195 3722 307 3770 sederet.'’

230 3803 250 3862 ²)
276 3805 334 3852 Hor.
352 3805 428 3868 Epist.
446 3806 466 3862 l,
485 3805 508 3862 7,
527 3807 559 3853 64
577 3823 639 3869 seqq.

230 3887 248 3937 ³³
275 3889 329 3935 Tac.
348 3888 411 3936 Dial.
430 3890 457 3936 de
475 3897 533 3937 orat.
552 3889 574 3939 7.

231 3972 250 4028 4)
276 3973 312 4019 Cr.
339 3973 411 4022 ctiam
437 3973 551 4036 Calpurn.
578 3975 628 4020 Ecl.
657 3974 679 4030 7,
706 3974 737 4020 26
764 3990 826 4036 sap:
847 3973 975 4035 „venimus
992 3972 1020 4018 ad
1039 3971 1111 4023 sedes,
1130 3969 1170 4016 ubi
1190 3968 1257 4032 pulla
1273 3969 1367 4017 sordida

198 4059 260 4101 ueste
277 4055 343 4102 later
359 4056 472 4103 femineas
490 4056 607 4118 spectabat
625 4057 693 4104 turba
711 4057 831 4103 cathedras
842 4056 856 4074 ’'
875 4056 937 4103 lbid.
956 4071 990 4100 vs.
1006 4055 1037 4100 80
1056 4069 1133 4116 seqq.:
1149 4052 1208 4116 „Sed
1218 4052 1278 4100 milri
1290 4053 1368 4099 sordes

200 4135 315 4200 Pullaque
333 4140 457 4200 paupertas
474 4142 496 4186 et
514 4139 604 4186 adunco
622 4139 693 4188 fibula
711 4154 791 4187 morsu
809 4136 968 4186 Obsucrunt.”

234 4219 253 4278 5)
279 4220 331 4266 lav.
352 4221 396 4276 ΙΙΙ,
415 4221 471 4268 235.
