3296 5008
749 534 814 602 247

189 714 337 798 tulae,
369 714 392 797 ¹)
427 714 688 800 congiaria
711 713 737 800 Β)
761 714 864 780 variis
887 713 1117 780 sollemnibus
1131 712 1307 781 adiuncta..
1335 711 1361 802 1)

191 827 325 907 Quibus
347 850 417 902 uon
440 827 552 894 solum
575 828 696 909 Roma,
720 827 905 893 sedetiam
923 826 1121 913 municipia,
1134 827 1241 893 immo
1255 827 1363 893 maxi·

191 964 247 1008 me
281 941 490 1028 longinquae
525 941 721 1027 provinciae
756 940 988 1008 abundabant.
1035 939 1168 1006 Plinius
1201 941 1294 1006 enim
1318 940 1361 1007 ad

226 1226 246 1282 l)
279 1228 315 1275 De
339 1228 454 1276 'rectarum
472 1243 582 1277 cenarum
598 1231 621 1277 et
636 1230 801 1294 sportularum.
815 1227 952 1277 discrimine
969 1227 1018 1276 dixi
1038 1243 1091 1292 pag.
1111 1227 1167 1276 191.
1203 1227 1295 1276 Ibidem
1313 1229 1360 1277 iam

190 1311 273 1359 monui
299 1311 337 1372 (cf.
363 1311 435 1360 etlam
457 1327 510 1375 pag.
529 1311 577 1359 194
594 1312 649 1361 adn.
667 1311 692 1371 2)
708 1328 756 1360 non
774 1328 825 1360 raro
844 1327 937 1375 quoque
953 1314 1041 1359 certam
1060 1311 1173 1374 pecuniae
1191 1327 1308 1360 summam
1326 1313 1362 1361 Iu·

189 1394 235 1442 isse
252 1393 339 1453 datam,
355 1411 415 1458 quae
431 1398 454 1443 et
471 1395 521 1459 ipsa
534 1395 705 1452 obserationis,
715 1395 787 1460 epuli,
796 1397 921 1459 sportulae
935 1393 1032 1442 vocibus
1043 1394 1217 1457 designabatur.
1239 1394 1276 1444 Gt.
1287 1394 1363 1459 Marq.

189 1475 301 1525 Ριίιιι11.ε
325 1493 377 1542 pag.
404 1478 452 1525 209
479 1494 543 1541 seq:
563 1477 634 1542 „Wer
649 1478 688 1526 ein
707 1478 798 1527 solohes
816 1477 885 1527 Mahl
902 1477 956 1541 gab,
974 1481 1063 1526 missste
1080 1477 1141 1525 nach
1158 1476 1300 1526 romischem
1318 1478 1363 1526 Ge-

189 1558 291 1608 brsnehe
317 1560 354 1608 die
379 1559 506 1622 Lieferung
531 1561 572 1608 der
597 1561 693 1625 Speiseu
719 1561 797 1610 eiuem
826 1560 999 1609 Uuternebmer
1015 1562 1141 1623 (manem)
1159 1559 1297 1624 iibertragen
1315 1561 1364 1609 und

189 1642 277 1690 diesem
303 1643 342 1691 fiir
364 1642 430 1704 jedes
455 1643 558 1692 Convert
582 1644 639 1692 oder
661 1644 715 1706 jede
738 1643 850 1708 Sportula
867 1644 920 1692 eine
937 1643 1072 1692 bestimmte
1090 1644 1188 1691 Summe
1205 1643 1296 1692 zahlen.
1331 1644 1363 1692 Es

190 1723 229 1788 lag
245 1726 317 1777 daher
335 1726 402 1782 nahe,
420 1726 483 1775 diese
501 1727 621 1788 Largition
639 1743 664 1776 so
682 1744 711 1775 zu
730 1728 901 1784 vereiniaehen,
919 1727 972 1776 dass
990 1743 1045 1775 man
1063 1727 1101 1774 die
1118 1725 1259 1776 betretleude
1268 1728 1364 1776 Summe

190 1808 264 1857 direct
289 1809 334 1857 den
360 1809 589 1858 Feattheilnehmern
615 1810 691 1859 uahlte
717 1811 767 1859 und
793 1811 874 1858 diesen
897 1809 1020 1866 iiberliess‚
1038 1809 1140 1866 disselbe
1157 1826 1185 1858 zu
1204 1810 1290 1866 Hause,
1308 1812 1364 1860 oder

189 1891 311 1940 offentlieh
339 1893 387 1940 und
412 1893 556 1957 gemeinsam
583 1909 611 1941 zu
640 1894 766 1942 verzehren
784 1895 841 1942 oder
857 1893 954 1942 endlieh
971 1909 1001 1941 zu
1018 1894 1119 1942 anderen
1137 1893 1247 1942 Zweelren
1264 1910 1293 1942 zu
1312 1911 1362 1942 ver·

189 1975 294 2024 wenden.
329 1975 358 2023 In
385 1975 425 2024 der
452 1976 582 2024 Kaiserzeit
607 1977 747 2040 wenigsteus
772 1977 804 2025 ist
830 1982 897 2025 untcr
920 1975 1056 2032 visceratio,
1075 1979 1169 2040 epulum
1187 1977 1237 2025 und
1254 1979 1364 2041 sportula

189 2057 270 2121 haufig
286 2074 332 2106 nur
348 2058 387 2106 eiu
403 2058 581 2122 Geldgeseheuk
599 2075 626 2107 zu
646 2060 776 2118 verstehen,
794 2059 888 2108 obwohl
905 2059 1022 2108 zuweilen
1040 2059 1079 2108 die
1097 2059 1260 2123 Verwenduug
1277 2060 1363 2108 dessel-

191 2141 236 2188 ben
261 2157 291 2188 zu
317 2141 395 2189 einem
421 2141 554 2190 Festtuahle
571 2142 736 2190 ausdriiclrlieh
753 2143 896 2206 angeordnet
913 2143 973 2190 wird
990 2143 1046 2190 oder
1064 2143 1116 2190 elne
1133 2142 1242 2206 doppelte
1259 2143 1363 2192 Beu‘illi·

190 2240 256 2287 gung
280 2224 346 2272 einer
370 2224 524 2274 Geldsumme
548 2226 605 2274 oder
632 2226 697 2274 eines
723 2228 818 2290 apulum
844 2224 989 2274 statttiudet''
1016 2253 1048 2262 -
1075 2230 1098 2273 et
1123 2225 1207 2274 titulos
1233 2225 1321 2286 ibidem
1338 2228 1364 2276 in

191 2308 383 2358 adnotationibus
405 2308 496 2358 allatos.
531 2311 560 2358 ln
577 2311 615 2358 his
632 2310 711 2360 titulis
729 2327 777 2359 non
796 2327 886 2374 semper
902 2310 1005 2373 ascripta
1022 2314 1078 2358 sunt
1095 2309 1208 2373 Corporis
1225 2310 1364 2376 Inscriptio·

193 2407 251 2439 num
278 2391 401 2440 volumina
426 2398 449 2442 st
474 2393 574 2441 ailmeri.
610 2394 700 2442 Addere
728 2393 800 2442 velim
827 2393 904 2442 Orelli
936 2393 1008 2449 1368,
1030 2392 1095 2444 3740
1113 2408 1162 2440 esse
1180 2392 1207 2442 C.
1226 2394 1246 2443 I.
1264 2394 1291 2443 L.
1310 2395 1364 2443 XIV

194 2474 266 2532 2793,
293 2473 366 2523 2129.
402 2475 439 2524 cf.
465 2476 537 2524 etiam
562 2475 688 2540 Waltzing,
714 2461 790 2524 lltude
816 2477 899 2524 histor.
923 2492 965 2523 sur
990 2474 1025 2524 les
1051 2491 1114 2539 corp.
1141 2477 1239 2539 profess.
1257 2477 1311 2526 cheu
1330 2478 1364 2527 les

194 2558 314 2616 Romulus,
340 2557 372 2605 IV
400 2573 450 2622 pag.
478 2559 525 2611 687
555 2575 611 2622 seq,
629 2560 670 2622 qui
688 2560 716 2608 de
732 2561 855 2624 sportulae
875 2575 930 2607 voce
947 2558 1003 2606 haec
1023 2559 1103 2607 docet:
1124 2558 1172 2622 „Le
1189 2564 1239 2608 mot
1254 2563 1365 2624 sportula

194 2639 316 2704 s’emploie
342 2641 400 2689 dans
425 2641 486 2690 deux
512 2658 571 2690 sens.
608 2643 633 2690 1⁰
661 2642 770 2707 Sportula
796 2659 826 2690 en
852 2646 940 2690 natare
958 2677 1140 2690 ........
1168 2641 1194 2689 2⁰
1212 2643 1321 2706 Sportula
1338 2661 1366 2693 eu

193 2727 284 2786 arpent.
310 2724 348 2772 Ad
373 2723 398 2772 1⁰
424 2724 521 2772 scribit:
549 2725 587 2788 ,11
612 2726 663 2774 faut
688 2741 822 2789 remarquer
844 2741 890 2789 que
916 2725 939 2772 ln
965 2724 1070 2788 sportula
1088 2741 1118 2773 ne
1136 2726 1263 2789 eomprend
1279 2743 1325 2790 que
1343 2727 1367 2776 la

194 2807 287 2865 viaude,
309 2813 332 2855 et
349 2807 368 2855 si
386 2806 432 2856 elle
449 2808 499 2857 doit
514 2809 590 2857 servir
606 2808 619 2855 a
638 2825 667 2856 un
688 2825 753 2872 repas
771 2825 891 2866 commun,
909 2807 927 2855 il
945 2825 960 2871 y
977 2825 991 2856 ι
1009 2808 1057 2856 lieu
1076 2809 1104 2856 de
1122 2809 1236 2872 pourvoir
1253 2826 1282 2858 en
1301 2815 1367 2860 outre

194 2906 223 2938 au
248 2890 313 2954 pain,
338 2906 368 2938 au
394 2891 436 2939 vin
462 2897 484 2939 et
509 2907 555 2939 aux
582 2891 637 2939 hors
654 2891 677 2939 d’
696 2908 797 2940 oeuvre:
816 2892 909 2955 adjecto
922 2907 986 2954 parte
1001 2895 1024 2939 et
1043 2891 1123 2940 aiu0.'’
1158 2892 1191 2940 Re
1209 2908 1263 2942 vera
1280 2894 1366 2942 inscri-

193 2975 286 3038 ptiones
301 2974 397 3023 Latinae
416 2975 444 3023 ad
467 2974 547 3039 epulas
565 2975 728 3039 sportulasque
743 2975 887 3038 pertinentes
905 2974 997 3023 crebras
1015 2991 1064 3023 aon
1083 2973 1161 3023 sotum
1179 2976 1247 3040 paula
1265 2977 1365 3034 etvini,

195 3057 234 3105 sed
253 3057 323 3105 etiam
341 3056 387 3105 olei
405 3057 535 3105 divisiones
553 3061 676 3107 testantur.

227 3151 246 3211 ²)
280 3152 385 3216 Agrippa
410 3151 495 3200 aedilis
520 3168 582 3200 anno
602 3169 623 3200 ι.
649 3169 671 3200 u.
691 3169 710 3200 c.
726 3154 772 3205 721
792 3159 814 3214 (a
832 3152 888 3202 Chr.
909 3169 933 3201 n.
958 3153 999 3213 33)
1019 3140 1084 3206 ικαὶ
1105 3139 1200 3200 ’ἔλαιον
1220 3144 1269 3204 καὶ
1290 3142 1367 3212 ἅλας

193 3241 269 3293 πᾶσι
289 3233 435 3304 διέδωκε,”
454 3248 525 3312 idque
544 3231 654 3311 nauata
674 3231 706 3296 ἐκ
726 3241 778 3294 τοῦ
799 3235 940 3310 δημοσίου
962 3234 1095 3311 λαβὼν.”
1125 3249 1181 3309 (Dio
1199 3249 1263 3298 Cass.
1281 3249 1366 3305 XLIX,

194 3332 234 3388 43,
254 3331 276 3390 1,
295 3332 325 3392 3).
361 3331 428 3380 ldem
454 3336 578 3396 postquam
595 3332 658 3380 diem
675 3348 812 3396 supremum
831 3332 898 3387 obiit,
917 3332 987 3381 illius
1005 3334 1101 3381 nomine
1118 3334 1241 3395 Augustus
1256 3337 1365 3382 centenas

194 3425 318 3474 drachmas
336 3426 427 3474 viritim
445 3425 533 3490 populo
550 3426 639 3476 divisit.
662 3427 718 3486 (Dio
735 3426 800 3475 Cass.
819 3427 879 3485 LIV,
898 3427 939 3487 27,
956 3429 988 3476 4:
1004 3417 1095 3478 resta&
1106 3410 1212 3477 ἓκατὲν
1223 3414 1367 3495 δραχαὰς

195 3518 237 3589 τῷ
258 3509 343 3587 δήμῳ
364 3507 402 3578 ὡς
422 3508 470 3571 καὶ
490 3501 595 3571 duciaco
615 3509 813 3578 κελεύσαντος
834 3509 995 3586 διένειμε.”)

226 3613 247 3675 ⁸)
281 3613 352 3662 Varia
376 3629 469 3676 quoque
494 3614 555 3661 dona
572 3612 659 3678 populo
677 3613 844 3677 spargebantur
864 3613 899 3662 vel
918 3615 989 3663 etiam
1008 3619 1113 3672 tesserae,
1132 3631 1191 3679 quae
1208 3614 1295 3679 quibus
1313 3629 1367 3662 con·

195 3697 304 3761 tigerant,
321 3697 394 3745 iidem
412 3697 529 3760 quoddam
539 3713 627 3744 munus
636 3696 844 3760 consequebantur.
863 3697 909 3758 (Cf.
920 3714 971 3762 pag.
984 3698 1030 3745 194
1041 3701 1115 3762 seqq.)
1134 3698 1273 3762 Exemplum
1283 3697 1368 3745 habeas

195 3792 221 3840 in
234 3793 315 3840 eodem
333 3791 445 3856 Agrippa,
463 3792 505 3855 qui
525 3779 591 3845 runai
611 3778 698 3848 τέλος
721 3777 867 3854 σύμβσλά
889 3779 924 3840 τὲ
944 3803 1007 3839 arua
1029 3777 1058 3848 ἐς
1079 3776 1114 3838 τὸ
1135 3779 1264 3855 θέατρον
1284 3776 1365 3841 κατὰ

195 3875 317 3955 κορυφὴν
338 3875 439 3954 ἔρριψε,
462 3885 504 3955 τῷ
526 3873 581 3952 μὲν
600 3875 736 3951 ἀργύριον
756 3886 799 3955 τῷ
820 3873 852 3935 δὲ
871 3873 990 3944 ἐσθῆτα
1015 3886 1058 3956 τῷ
1080 3873 1112 3936 δὲ
1132 3877 1210 3935 ἄλλο
1232 3875 1367 3956 acps‘peu·

194 4000 247 4051 τα,
279 3978 329 4040 uui
355 3979 437 4040 ἄλλα
458 3981 633 4056 πάμπολλα
654 3977 720 4038 ὥνια
741 3977 769 4049 ἐς
790 3980 825 4038 τὸ
844 3979 936 4055 μέσον
956 3985 1102 4050 καταθεὶς
1122 3980 1285 4054 διαρπάσαι
1303 3984 1367 4058 σφί·

195 4098 242 4136 σιν
265 4074 448 4156 ἓπετρεψεν.”
467 4091 521 4153 (Dio
539 4091 603 4138 Cass.
622 4090 639 4138 l.
657 4089 674 4138 l.
692 4093 702 4150 §
720 4094 745 4148 4)
780 4090 862 4152 Cogita
879 4106 972 4153 quoque
989 4092 1017 4139 de
1035 4089 1121 4139 Stellae
1139 4090 1203 4138 ludis
1221 4090 1367 4139 inhonorem

197 4173 329 4224 Domitiani
347 4175 376 4223 de
393 4175 506 4224 Sarmatis
524 4174 640 4240 triumphi
658 4174 776 4233 exhibitis,
794 4173 926 4239 dequibus
944 4172 994 4238 lege
1012 4173 1085 4230 Mart.
1101 4173 1168 4236 VIII,
1187 4173 1218 4227 78
1229 4175 1369 4241 etcf.supra

196 4274 248 4326 pag.
267 4258 314 4308 195
332 4259 386 4308 adn.
405 4259 428 4310 1.
