3274 4998
820 512 884 578 152

264 688 330 756 nisi
367 694 443 776 post
479 689 722 777 professionem
757 695 791 757 et
824 695 968 780 ἐξέτασιν.
1013 690 1113 758 Cavit
1146 689 1203 757 lex
1227 713 1270 758 ne
1294 690 1436 778 professi

264 807 343 868 ante
381 801 658 869 subsortitionem
681 804 764 891 (qua
786 805 876 871 facta
898 804 1040 871 nomina
1063 804 1260 870 sortitorum
1284 825 1328 870 ex
1352 803 1431 870 albo

263 913 322 981 illo
356 914 490 982 sublata
523 937 594 982 esse
628 923 897 984 consentaneum
927 919 990 1003 est)
1013 917 1228 983 frumentum
1253 915 1433 1004 publicum

264 1028 475 1116 acciperent;
500 1050 606 1116 quare
629 1038 855 1118 corruperunt
877 1031 1000 1116 legem,
1024 1051 1095 1096 non
1118 1030 1355 1111 emendarunt,
1372 1030 1436 1117 qui

263 1142 418 1209 fortiores
453 1164 558 1229 quam
591 1143 828 1230 prudentiores
862 1167 894 1212 v.
932 1146 972 1210 18
1006 1165 1067 1231 pro
1095 1143 1287 1231 „proposita
1310 1143 1432 1210 erunt''

263 1255 364 1322 scribi
386 1256 557 1323 iusserunt
572 1257 763 1344 ,proposita
775 1279 844 1324 non
857 1257 1011 1324 erunt’'.''
1027 1256 1052 1344 ¹)
1063 1295 1107 1306 -
1120 1258 1232 1342 rogari
1245 1263 1354 1344 potest
1366 1256 1433 1323 tale

263 1368 382 1435 album
405 1391 518 1436 nonne
542 1392 679 1457 prorsus
702 1392 996 1458 supervacaneum
1008 1371 1164 1436 futurum
1177 1371 1291 1452 fuerit,
1305 1370 1433 1457 quippe

263 1504 343 1549 cum
365 1482 416 1563 illi
438 1483 500 1549 soli
523 1485 724 1570 acciperent,
748 1506 897 1572 quorum
920 1484 1063 1551 nomina
1085 1484 1122 1548 in
1144 1483 1278 1550 tabulas
1313 1505 1342 1550 a.
1367 1484 1433 1549 708

263 1617 284 1662 a
317 1596 458 1663 Caesare
490 1597 694 1684 compositas
727 1598 834 1664 relata
868 1603 989 1664 essent.
1024 1596 1051 1684 ς)
1097 1597 1210 1676 Quare
1235 1596 1433 1663 Hirschfeld

263 1716 362 1796 putat
391 1710 636 1797 professionem
662 1710 758 1777 illam
781 1733 851 1778 non
874 1711 916 1777 ad
942 1710 1029 1778 solas
1052 1710 1336 1776 frumentationes
1361 1731 1433 1797 per-

264 1823 417 1904 tinuisse,
451 1823 510 1890 sed
537 1845 593 1890 eos
627 1807 805 1911 spectasse,
831 1825 891 1912 qui
917 1825 1030 1910 Roma
1053 1823 1121 1889 alio
1146 1823 1334 1908 migrarent
1359 1823 1434 1910 qui·

264 1957 330 2023 que
366 1936 471 2021 igitur
497 1938 711 2004 frumentum
735 1939 887 2025 accipere
911 1938 1115 2004 desinerent.
1163 1937 1335 2023 Equidem
1359 1959 1432 2003 rem

265 2049 378 2137 potins
412 2048 460 2116 ita
493 2051 642 2135 cogitare
666 2050 781 2133 velim,
806 2073 862 2118 eos
887 2052 946 2138 qui
969 2053 1182 2117 frumentum
1208 2050 1431 2131 vindicarent,
1472 2131 1475 2138 Ι

265 2169 302 2228 ut
325 2163 385 2249 qui
408 2185 486 2229 rure
510 2163 563 2231 vel
588 2185 632 2229 ex
655 2165 852 2252 municipiis
874 2165 1022 2231 Romam
1047 2164 1242 2249 migrarent,
1258 2163 1326 2244 alii,
1340 2163 1433 2250 apud

263 2277 502 2361 magistratum
546 2278 697 2364 profiteri
732 2278 897 2359 debuisse,
933 2278 989 2344 cui
1023 2277 1285 2344 diiudicandum
1319 2277 1430 2359 fuerit,

263 2397 380 2455 utrum
403 2412 438 2456 re
464 2412 544 2456 vera
566 2391 620 2457 ius
644 2391 939 2458 haberentneone.
965 2391 1171 2458 Nominibus
1184 2398 1301 2456 autem
1312 2412 1430 2458 eorum

265 2502 325 2590 qui
359 2502 492 2590 probati
527 2511 638 2570 essent
671 2505 708 2569 in
744 2504 821 2571 albo
856 2505 1036 2592 propositis
1070 2526 1114 2571 ex
1133 2492 1211 2570 'illis
1234 2527 1254 2570 a
1277 2510 1430 2591 praetore

265 2617 366 2682 fuisse
397 2617 521 2683 factam
546 2617 833 2684 subsortitionem.
880 2620 969 2684 Ante
994 2619 1083 2684 hanc
1107 2640 1188 2685 vero
1212 2640 1255 2684 ne
1279 2617 1429 2684 frumen-

264 2737 338 2796 tum
362 2731 403 2796 iis
426 2730 694 2812 distribueretur,
724 2731 799 2816 lege
823 2733 992 2797 sancitum
1016 2733 1118 2798 fuisse
1142 2731 1334 2816 diligenter.
1359 2729 1385 2817 ³)

311 2844 342 2910 d.
388 2844 522 2910 Nature
544 2845 694 2926 biduum,
714 2867 784 2911 cum
810 2843 952 2911 Caesarea
962 2846 1093 2932 imperii
1106 2866 1266 2911 ereremum
1279 2844 1429 2911 wambani.

262 2956 386 3024 Tribus
420 2978 546 3023 nornen
578 2958 677 3024 initio
711 2958 813 3024 fuisse
836 2959 997 3044 partium,
1021 2959 1057 3023 in
1082 2979 1167 3045 quas
1190 2958 1271 3024 urbs
1294 2965 1327 3024 et
1350 2979 1431 3043 ager

260 3071 438 3136 Romanus
461 3076 547 3136 esset
569 3059 800 3150 distributum,
824 3093 906 3138 mcx
928 3072 1035 3159 ipsius
1058 3071 1177 3159 populi
1200 3079 1317 3158 partes
1329 3071 1431 3156 signi·

261 3184 413 3250 ficavisse
448 3185 528 3250 satis
562 3191 682 3251 notum
707 3191 775 3266 est;
800 3185 884 3252 item
907 3185 987 3251 inde
1011 3184 1054 3251 ab
1082 3206 1173 3251 anno
1196 3206 1226 3250 a.
1251 3206 1284 3250 u.
1309 3205 1338 3250 c.
1365 3185 1430 3250 513

262 3300 305 3383 (a.
340 3297 420 3363 Ohr.
455 3320 489 3364 n.
522 3299 600 3384 241)
623 3319 743 3364 earum
766 3321 952 3365 numerum
975 3299 1077 3364 fuisse
1101 3299 1242 3382 triginta
1266 3297 1431 3384 quinque.

262 3411 338 3476 Hae
376 3410 483 3476 tribus
518 3411 689 3497 quomodo
724 3434 804 3478 eum
828 3413 975 3478 civitatis
999 3413 1109 3478 forma
1131 3411 1337 3478 cohaereant
1360 3431 1429 3476 non

296 3583 316 3640 Ι)
351 3581 389 3630 ln
412 3580 522 3640 Dirlraen,
547 3581 621 3631 civil.
647 3581 767 3632 Abhandl.
793 3583 818 3630 Il
835 3599 888 3647 pag.
907 3583 954 3632 loo
973 3599 1054 3647 eeqq.;
1077 3583 1221 3648 Nipperdey,
1238 3582 1311 3646 leges
1327 3580 1433 3638 annales,

261 3681 313 3730 pag.
332 3664 371 3714 20.
407 3663 571 3713 Ooniecturam
597 3664 680 3729 probat
696 3665 812 3724 Karlowa‚
830 3667 898 3714 Rom.
917 3665 1079 3730 Rechtsgescb.
1098 3665 1110 3713 Ι
1127 3681 1178 3730 pag.
1198 3667 1246 3713 554
1263 3681 1317 3713 cnm
1335 3664 1389 3712 adn.
1410 3664 1433 3712 1.

261 3747 320 3806 Alii,
345 3748 407 3796 inter
428 3763 487 3812 quoa
504 3747 610 3796 Maaochi
628 3752 650 3796 et
667 3748 778 3812 Savigny,
796 3753 910 3813 putarunt
926 3749 1006 3797 locu
1015 3765 1031 3814 p
1040 3749 1049 3796 l
1059 3765 1071 3796 c
1080 3749 1106 3798 ti
1116 3765 1130 3797 o
1140 3764 1172 3797 re
1182 3764 1200 3806 a,
1218 3749 1260 3812 qui
1277 3747 1366 3796 anxilio
1385 3763 1433 3795 non

261 3830 400 3894 indigerent,
426 3831 524 3879 nomina
549 3847 591 3879 sua
613 3831 714 3894 profiteri
737 3832 851 3880 debuisse.
886 3834 918 3881 At
935 3848 976 3880 cur
993 3832 1049 3880 hace
1065 3832 1091 3880 in
1108 3831 1162 3880 albo
1179 3831 1328 3896 proponenda
1345 3831 1433 3878 erant?

295 3917 317 3973 ¹)
350 3913 387 3962 lta
403 3914 547 3978 Nipperdey,
563 3913 580 3962 l.
599 3913 626 3972 l.,
644 3913 749 3962 Hirschf.
765 3914 782 3962 l.
801 3913 810 3962 l

294 3995 315 4055 Ι)
348 3996 436 4045 Notata
450 4005 510 4045 certe
526 3997 625 4060 dignum
642 3997 809 4062 municipalem
827 3997 888 4046 hanc
904 3997 979 4062 legem
997 3998 1067 4046 etiam
1086 3997 1151 4046 urbis
1169 3998 1255 4045 Romae
1272 4000 1358 4045 statum
1376 3996 1434 4045 dili·

260 4082 340 4143 genter
356 4079 483 4134 ordinasse,
500 4079 562 4142 qnod
579 4079 619 4143 qni
638 4080 725 4129 factum
743 4081 775 4129 ait
790 4079 833 4129 alii
851 4080 920 4129 aliter
937 4080 1119 4144 explicaverunt.
1146 4080 1183 4129 Cf.
1193 4080 1328 4128 Mommsen
1337 4079 1434 4128 adhinc

261 4161 345 4226 legem.
379 4161 492 4210 Eiusdem
515 4160 573 4225 legis
598 4178 633 4211 vs.
661 4162 708 4210 142
726 4179 798 4228 seqq,
815 4162 872 4212 lieet
887 4163 984 4213 difficile
1001 4163 1032 4212 ait
1049 4163 1104 4212 inde
1120 4163 1247 4228 quicquam
1265 4162 1321 4212 certi
1337 4162 1433 4219 efficere,

261 4250 340 4296 tamen
357 4248 417 4294 certe
434 4261 481 4294 non
499 4249 630 4309 repugnant
647 4245 754 4311 opinioni
771 4263 842 4296 meac.
