3296 5008
848 479 924 549 202·

292 659 354 726 uui
372 639 446 726 'tibi
469 663 638 746 quantum
661 659 860 748 parentibus
883 661 953 726 suis
976 660 1121 747 quisque
1145 659 1316 727 deberet.”
1363 661 1463 740 Quod

291 772 336 838 ad
369 772 506 838 Italiam
541 773 671 854 attinet,
705 773 814 840 Dione
850 780 932 840 teste
973 774 1020 846 νὲς
1050 773 1082 836 δὲ
1111 776 1165 847 τὴν
1187 774 1305 853 Ῥώμην
1329 772 1464 836 ἐσελθὼν

291 887 396 948 πολλοὶ
421 886 514 949 Ιἑνεοίει
547 891 620 965 πρὸς
652 909 686 949 τε
721 889 875 964 διόρθωσιν
910 896 969 949 τῶν
1003 897 1101 952 κοινῶν
1125 889 1174 952 καὶ
1197 887 1271 965 πρὸς
1294 891 1381 971 χάριν
1406 897 1466 950 τῶν

293 1001 433 1081 ἀγαθῶν,
468 999 578 1064 ἐκείνων
604 1023 638 1062 τε
660 1003 850 1084 διαφερόντως
874 1001 1111 1082 ἐπιμελούμενος,
1136 1004 1175 1073 ὡς
1198 1003 1246 1066 καὶ
1269 1013 1335 1073 ταῖς
1358 1005 1465 1063 πόλεσι

292 1125 358 1185 ταῖς
393 1112 421 1174 ἓν
455 1113 569 1196 Ἰταλίᾳ
603 1114 677 1191 πρὸς
710 1115 764 1187 τὴν
787 1123 847 1176 τῶν
870 1116 981 1177 παίδων
1004 1116 1112 1198 τροφὴν
1135 1115 1238 1177 πολλοὶ
1262 1121 1462 1198 χαρίσασθαι,

291 1227 340 1290 καὶ
362 1225 482 1298 retrove
504 1228 697 1307 semerom
723 1225 748 1313 1)
783 1227 884 1306 Quod
909 1228 1024 1309 sciam,
1038 1229 1131 1315 apud
1147 1229 1327 1315 scriptores
1338 1219 1482 1293 frustra.

292 1338 392 1426 plura
415 1340 610 1407 testimonia
633 1361 784 1427 quaeres,
797 1363 885 1428 quae
901 1340 1410 1424 Traianialimentaillustrent.
1435 1339 1464 1426 ς)

293 1451 405 1519 Oausa'
440 1452 535 1520 haud
567 1453 670 1520 dubie
692 1454 877 1541 repetenda
905 1460 1022 1520 estex
1049 1461 1246 1542 temporum
1268 1454 1462 1541 iniquitate,

293 1587 362 1653 qua
385 1568 454 1633 non
477 1588 588 1654 pauca
612 1567 737 1654 scripta
760 1567 803 1632 ad
827 1568 966 1634 Traiani
989 1589 1136 1653 regnum
1159 1567 1367 1654 pertinentia
1387 1587 1464 1632 eva·

291 1686 453 1746 nuerunt.
499 1680 680 1747 Perierunt
704 1702 789 1767 quos
811 1681 883 1768 ipse
907 1681 1052 1748 confecit
1075 1680 1116 1747 de
1129 1680 1218 1748 bello
1231 1680 1357 1765 Dacico
1371 1700 1464 1746 ccm-

292 1793 468 1878 mentarii,
482 1792 520 1880 d)
537 1794 646 1880 periit
669 1794 808 1860 Traiani
832 1795 901 1862 vita
926 1816 947 1860 a
971 1795 1080 1860 Mario
1105 1795 1259 1860 Maximo
1284 1793 1462 1880 descripta,

292 1906 468 1994 perierunt
502 1906 601 1974 Fabii
634 1907 835 1990 Marcellini,
870 1907 1003 1974 Arvalii
1048 1908 1142 1990 Veri,
1177 1907 1276 1974 Statii
1307 1906 1465 1975 Valentis

292 2019 416 2102 studia,
465 2021 546 2107 ,qui
581 2042 720 2088 ornnem
754 2022 827 2088 eius
864 2021 974 2088 uitam
998 2021 1033 2086 in
1057 2021 1188 2088 litteras
1212 2021 1413 2087 miserunt.''
1437 2020 1464 2106 ⁴)

291 2133 429 2200 Tacitus
463 2155 554 2216 vero,
590 2157 705 2202 rerum
741 2135 798 2202 ille
820 2135 1041 2220 'gravissimus
1064 2140 1191 2216 auctor,
1217 2134 1288 2220 qui,
1316 2135 1362 2214 ,si
1390 2134 1462 2201 vita

291 2247 559 2335 suppedit(ar)‘et,
594 2249 829 2336 principatum
863 2248 935 2316 divi
959 2249 1092 2316 Nervae
1116 2255 1150 2314 et
1172 2248 1359 2334 imperium
1379 2249 1461 2314 Tra·

291 2360 362 2428 iani
387 2409 394 2426 .
418 2411 427 2429 .
452 2413 460 2428 .
485 2413 493 2428 .
517 2363 683 2429 senectuti
695 2363 950 2450 seposu(erat),’'
969 2362 993 2449 ⁵)
1006 2362 1071 2429 hoc
1084 2361 1266 2429 consilium
1279 2362 1464 2446 quominus

291 2473 478 2560 perficeret,
503 2481 610 2542 morte
637 2475 866 2543 videturesse
890 2475 1086 2563 impeditus.
1134 2475 1180 2541 At
1204 2475 1288 2541 haec
1312 2475 1463 2541 fatorum

291 2587 417 2654 iniuria
436 2588 670 2676 compluribus
694 2589 846 2654 nummis
868 2609 908 2656 ae
927 2588 1035 2654 titulis
1058 2589 1095 2654 in
1126 2610 1202 2655 aere
1219 2587 1461 2675 lapidibusque

291 2700 406 2768 incisis
442 2703 568 2789 partim
602 2703 756 2769 sarcitur.
801 2703 934 2788 Insigni
962 2702 1101 2768 Traiani
1126 2701 1382 2768 munificentiae
1407 2699 1463 2768 vel
1558 2715 1562 2724 ·
1645 2725 1647 2734 ⁴

291 2815 486 2882 maximum
527 2816 762 2882 testimonium
803 2815 886 2881 dant
926 2815 1164 2902 inscriptiones
1200 2815 1288 2882 duae
1324 2813 1463 2900 amplis·

292 2927 408 3010 simae,
441 2927 485 2994 ad
509 2949 594 3014 quas
616 2929 704 2995 infra
726 2929 943 2996 redeundum
965 2928 1038 2995 erit.
1086 2927 1235 2994 Tabulas
1258 2927 1334 2994 dieo
1357 2927 1461 3012 Ligu·

292 3062 372 3106 rum
401 3041 655 3109 Baebianorum
678 3049 712 3108 et
734 3042 949 3122 Veleiatium,
978 3063 1126 3129 quarum
1149 3043 1242 3127 prior
1265 3046 1396 3128 spectat
1419 3040 1463 3106 ad

293 3176 425 3220 annum
448 3157 673 3222 centesimum
697 3156 859 3242 primum,
884 3155 1093 3223 Veleiatium
1117 3176 1197 3222 vero
1219 3155 1368 3221 duarum
1380 3153 1464 3220 obli·

292 3267 473 3353 gationum
496 3269 741 3336 documentum
766 3276 824 3351 est,
849 3268 987 3335 alterius
999 3274 1079 3334 ante
1091 3289 1224 3334 anuum
1235 3260 1464 3334 centesimum

294 3387 457 3468 quartum
486 3383 604 3463 factae,
629 3381 769 3448 alterius
786 3389 872 3469 post,
895 3382 931 3447 id
956 3381 1048 3468 quod
1072 3387 1166 3468 patet
1188 3403 1233 3448 ex
1256 3381 1461 3466 cognomine

293 3495 412 3561 Dacico
445 3495 482 3560 in
505 3494 565 3561 illa
590 3496 723 3576 omisso,
747 3496 784 3561 in
808 3497 873 3563 hac
897 3495 1080 3582 adscripto.
1126 3496 1233 3563 Porro
1256 3516 1464 3562 commemo-

292 3607 393 3674 randi
420 3614 500 3674 sunt
522 3607 621 3688 tituli
636 3608 882 3676 Amerinorum
905 3610 942 3676 Ο.
963 3609 991 3676 Ι.
1016 3609 1062 3675 Ia·
1081 3609 1147 3692 XI,
1170 3609 1257 3676 4351
1281 3609 1331 3695 (z
1354 3607 1462 3676 Orelli

327 3797 348 3857 ι)
382 3796 429 3845 Dio
445 3795 511 3845 Cass.
528 3795 638 3855 LXVIH,
655 3797 679 3855 5,
696 3799 721 3846 4.

325 3879 345 3940 ²)
379 3880 494 3944 spartian.
512 3879 626 3929 Hadrian.
645 3880 667 3938 7,
686 3879 701 3928 8
719 3880 778 3928 undi
795 3881 851 3929 facti
868 3880 993 3929 meminit:
1012 3880 1112 3945 „Pueris
1129 3897 1155 3929 ac
1172 3879 1268 3945 puellis,
1290 3879 1377 3944 quibus
1389 3879 1465 3928 etiam

292 3961 406 4012 'Ibaianus
423 3962 536 4012 alimenta
553 3963 675 4022 detulerat,
693 3963 864 4012 incrementum
882 3962 1031 4012 liberalitatis
1048 3962 1159 4012 adiecit.”

325 4043 346 4104 8)
380 4044 417 4094 cf.
434 4045 550 4095 Prisciani
568 4046 648 4096 Instit.
666 4045 708 4103 VI,
728 4046 757 4094 13
775 4046 828 4109 (ild.
847 4046 927 4104 Hertz,
945 4046 971 4094 in
988 4045 1063 4094 Keilii
1082 4046 1249 4096 Grammaticis
1264 4045 1374 4108 Latinis).

326 4127 346 4188 ⁴)
380 4127 439 4176 Vide
456 4127 576 4192 Lamprid.
595 4129 727 4179 Alexander
744 4129 842 4178 Severus
860 4129 900 4187 48,
920 4129 943 4178 6.

317 4198 348 4272 Ιὅ)
382 4209 437 4258 Tac.
455 4209 519 4260 Hist.
537 4211 558 4269 I,
577 4211 599 4263 1.
