3226 4998
737 503 777 567 11

169 687 392 774 interpretati
416 693 504 752 sunt.
530 683 555 770 ¹)
601 684 649 752 Ut
684 703 764 747 cum
798 685 848 748 est
882 681 974 766 apud
1010 679 1214 766 Vergilium,
1238 700 1340 763 gene-

169 821 286 866 rosum
319 799 419 865 illum
453 800 660 877 Romanum,
698 795 739 860 de
774 795 848 862 viro
872 795 1015 860 rustico:
1044 815 1175 880 „neque
1199 791 1257 858 ille
1280 798 1340 857 aut

170 913 280 979 doluit
317 913 483 978 miserans
519 913 660 996 inopem
695 915 755 974 aut
789 907 915 974 invidit
949 907 1122 973 habenti.''
1161 905 1187 993 2)
1245 905 1338 970 Bene

169 1027 293 1111 Heyne
318 1026 477 1091 adhunc
500 1025 631 1090 locum:
673 1043 762 1102 „non
785 1021 908 1086 duritie
933 1027 966 1086 et
990 1021 1115 1086 ferocia
1138 1017 1255 1099 animi,
1280 1026 1339 1083 aut

169 1139 281 1205 Stoica
315 1139 432 1225 aliqua
466 1138 614 1224 apathia,
652 1157 738 1222 quae
772 1134 871 1214 male,
903 1156 923 1199 a
958 1134 1076 1200 Servio
1103 1132 1182 1198 inde
1208 1130 1245 1218 8),
1270 1132 1338 1197 huc

168 1253 371 1333 advocatur;
396 1252 454 1318 sed
479 1273 541 1317 nec
566 1250 666 1330 dolet,
691 1270 753 1314 nec
776 1248 912 1328 invidit,
938 1248 1022 1334 quod
1044 1248 1081 1312 in
1103 1269 1179 1332 apro
1201 1253 1339 1311 rectatus

168 1365 207 1430 ab
241 1367 330 1430 oanni
358 1387 538 1451 pauperum
571 1364 700 1429 misnia
734 1368 768 1428 et
801 1362 950 1428 divitum
972 1360 1058 1426 luxu
1082 1381 1120 1425 ac
1144 1360 1242 1440 fastu,
1268 1359 1338 1424 ani·

169 1500 267 1542 mum
291 1478 333 1543 ab
356 1479 451 1543 omni
474 1476 728 1564 perturbatione
752 1497 903 1542 vacuum
926 1473 1051 1540 habere
1068 1479 1229 1560 potesta.
1245 1495 1276 1559 q.
1290 1473 1335 1538 εἶ’

64 1603 67 1606 ’
168 1592 283 1670 Quam
306 1592 624 1678 interpretationem
649 1590 851 1656 recentiores
865 1587 1052 1676 (Forbigen
1067 1586 1219 1673 Benoist)
1232 1585 1338 1652 secuti

170 1711 259 1771 sunt.
274 1703 298 1792 4)
332 1705 466 1772 Revera
489 1705 642 1791 aliquam
665 1703 893 1789 persuadendi
916 1702 1152 1768 necessitatem
1174 1699 1340 1766 adhibent

169 1819 364 1886 testimonia
399 1840 485 1906 quae
520 1823 719 1904 sequuntur,
754 1816 798 1882 ad
821 1816 971 1881 maxime
997 1837 1076 1881 sane
1100 1815 1234 1882 diversa
1256 1820 1339 1879 tem-

171 1953 254 2018 pora
299 1932 485 1998 referenda.
540 1933 660 1998 Unum
706 1937 755 1996 cst
799 1930 1032 2014 fragmentum
1065 1927 1209 2013 Polybii,
1246 1925 1338 2013 quod

170 2045 289 2111 laudat
311 2047 438 2132 Zumpt
462 2045 487 2132 ⁵)
510 2045 684 2110 Romanos
706 2043 827 2109 leviter
850 2043 1096 2130 perstringens:
1123 2041 1247 2108 »ἁπλῶς
1277 2036 1339 2114 γὰρ

172 2181 366 2189 ——-—

206 2248 222 2308 ¹)
257 2249 326 2314 Quod
343 2249 405 2297 inter
422 2248 480 2297 alios
497 2249 553 2297 fecit
570 2248 689 2304 Albanus,
707 2248 752 2296 Die
770 2246 934 2312 Sorialpolitilr
952 2247 993 2294 der
1011 2245 1105 2302 Kirche,
1124 2259 1175 2308 pag.
1195 2242 1252 2291 lta.

205 2329 224 2390 2)
258 2331 342 2394 Georg.
360 2331 393 2388 II,
411 2331 460 2380 498
478 2347 524 2394 seq.

204 2413 224 2474 3)
259 2413 320 2462 Cave
345 2418 423 2462 tamen
449 2418 516 2477 putes
541 2413 649 2461 Servium
675 2418 723 2462 tam
749 2427 829 2476 aspere
855 2399 969 2460 iudicasse
995 2411 1024 2459 de
1053 2409 1165 2474 Vergilio.
1199 2410 1256 2458 'l'sle
1281 2410 1340 2473 quid

171 2511 318 2559 nequaquam
343 2497 408 2545 dicit.
444 2495 509 2560 Quin
535 2500 558 2544 et
583 2496 633 2558 ipse
660 2495 809 2558 Heynianam
834 2493 1055 2561 interpretationem
1080 2491 1198 2556 proponit,
1224 2491 1340 2540 scribens:

172 2582 222 2643 „est
247 2583 271 2626 et
296 2578 370 2634 aliud,
393 2579 455 2642 quod
473 2595 594 2642 possumus
611 2579 728 2642 accipere:
756 2577 809 2626 ideo
827 2577 944 2626 rusticum
962 2592 1006 2624 nee
1024 2575 1092 2624 bonis
1109 2591 1153 2623 nec
1170 2573 1241 2622 malis
1257 2573 1342 2622 alienis

171 2660 268 2716 moveri,
289 2661 345 2723 quia
361 2662 395 2709 eis
412 2677 460 2708 non
479 2661 585 2717 interest,
603 2662 693 2724 quippe
709 2661 749 2724 qui
764 2661 793 2708 ab
811 2659 910 2709 urbibus
928 2663 962 2708 est
978 2657 1106 2708 remotus‘'.

206 2741 224 2790 4ι
260 2742 328 2806 Quod
345 2743 374 2790 cd
391 2743 469 2791 locum
486 2759 557 2806 quern
574 2760 601 2792 ex
620 2743 771 2807 Quintiliano
787 2743 892 2800 laudant,
910 2743 931 2791 is
949 2742 1073 2790 invenitur
1089 2742 1117 2790 in
1128 2738 1344 2788 Declamationibus

106 2828 112 2838 '
172 2823 266 2884 (COCl,
294 2825 317 2880 3,
346 2824 392 2884 17).
428 2826 479 2873 Iam
505 2826 610 2889 primurn
634 2826 738 2874 minores
754 2825 795 2874 has
813 2825 994 2874 declamationes
1010 2825 1102 2889 spurias
1119 2837 1169 2872 esse
1186 2851 1215 2858 -
1235 2823 1344 2886 quamvis

173 2922 222 2954 non
247 2906 323 2955 multo
349 2911 401 2972 post
426 2908 571 2973 Quintiliani
597 2913 698 2958 mortem
718 2909 818 2972 scriptae
835 2925 884 2956 esse
901 2909 1027 2956 videantur
1044 2907 1091 2968 (Oi.
1108 2907 1197 2956 Schanz
1214 2908 1241 2956 in
1258 2908 1302 2956 Iu.
1321 2921 1346 2958 V.

175 2989 231 3038 M.'s
257 2989 351 3038 Handb.
377 2991 399 3038 d.
426 2990 459 3038 kl.
487 2991 535 3039 Alt.
560 2991 625 3048 VIII,
643 2991 665 3048 2,
684 3007 735 3054 pag.
753 2993 812 3048 444)
829 3019 860 3027 -
879 2991 998 3040 Trabandt
1015 2991 1067 3052 (De
1082 2991 1211 3040 minoribns
1227 3007 1287 3054 quae
1302 2991 1345 3038 rub

174 3071 267 3120 nomine
301 3072 444 3135 Quintiliani
471 3075 590 3137 feruntur
623 3073 846 3128 declamatoriam
873 3075 901 3120 cf.
934 3073 1005 3122 etiam
1032 3073 1128 3130 Plena,
1153 3073 1192 3121 De
1216 3071 1344 3120 minoribus

174 3171 234 3220 quae
268 3155 310 3202 aab
338 3155 431 3204 nomine
457 3155 603 3218 Quintiliani
624 3157 741 3220 feruntur
771 3155 979 3204 declamationibus
985 3175 993 3210 ;
1023 3159 1151 3218 utrumque
1176 3158 1345 3204 commemorat

175 3236 263 3284 Schanz
281 3236 296 3284 l.
306 3235 323 3284 l.
349 3253 400 3300 pag.
419 3239 477 3296 445)
495 3253 570 3302 nuper
586 3238 748 3302 probabilibus
764 3237 896 3286 rationibus
913 3237 1025 3301 exposuit.
1044 3239 1106 3286 Tum
1115 3238 1176 3287 docti
1187 3237 1225 3286 illi
1235 3237 1282 3285 viri
1291 3235 1344 3300 plus

175 3333 248 3380 quam
267 3319 355 3381 scripta
372 3323 429 3367 sunt
447 3319 480 3367 ibi
499 3320 576 3383 legere
598 3321 717 3369 videntur.
738 3321 810 3368 Dives
827 3320 888 3382 quis,
904 3321 1028 3383 aquodam
1039 3335 1142 3384 paupere
1151 3320 1180 3368 ad
1189 3335 1271 3368 cenam
1280 3320 1343 3368 inri-

174 3403 245 3455 tatus,
273 3401 344 3450 huius
369 3403 448 3466 rapuit
473 3403 576 3466 puellam
600 3414 669 3467 quam
696 3403 734 3452 hic
759 3403 870 3452 ancillam
895 3419 942 3451 esse
960 3403 1058 3451 dixerat.
1095 3402 1180 3451 Puella
1196 3419 1224 3451 ex
1241 3402 1292 3464 lege
1308 3417 1344 3451 ra·

176 3487 270 3546 ptarum
297 3485 392 3548 nuptias
418 3486 514 3550 optavit.
549 3486 594 3534 Vir
618 3487 688 3538 dives,
709 3490 801 3534 accusat
815 3501 940 3550 pauperem
953 3485 1186 3549 circumscriptionis.
1213 3486 1347 3549 Respondet

173 3556 212 3614 hie
240 3565 343 3615 divitem
368 3567 449 3616 virum
475 3568 553 3632 ipsum
573 3585 621 3616 non
638 3569 764 3617 credidisse
781 3567 892 3616 ancillam
909 3584 965 3616 esse.
1000 3568 1031 3617 nt
1047 3568 1125 3632 pergit
1143 3596 1172 3605 —-
1191 3569 1248 3616 haec
1267 3574 1346 3617 autem
1378 3623 1380 3628 ¹

176 3651 230 3698 sunt
266 3647 337 3696 verba
362 3665 422 3712 quae
447 3665 498 3698 rem
524 3652 647 3700 continent
673 3671 720 3698 -ι
749 3651 885 3716 „Possis
913 3655 947 3700 tn
972 3652 1126 3700 sortasse
1152 3651 1214 3700 huc
1239 3667 1345 3715 usque

177 3729 393 3778 descendere
427 3736 462 3780 ut
495 3749 560 3781 non
594 3733 767 3783 fastidias
794 3750 979 3798 pauperes:
1006 3749 1177 3796 nunqnam
1203 3734 1344 3798 cupidi·

176 3819 228 3861 tas
252 3816 311 3862 tua
337 3829 442 3877 usque
467 3815 505 3864 ad
532 3816 712 3880 mancipia
737 3816 952 3879 descendet?
987 3816 1246 3880 Nanigituragitde
1264 3817 1348 3880 quovis

175 3895 272 3945 fastidio
300 3923 331 3931 -
357 3911 412 3944 nam
438 3897 464 3946 id
489 3898 568 3962 ipsum
585 3899 647 3963 qnod
665 3899 704 3948 vir
720 3899 786 3948 dives
803 3899 866 3962 apud
880 3913 1006 3962 pauperem
1024 3897 1122 3948 cenabat
1138 3899 1194 3948 satis
1212 3900 1349 3949 ostendebat

176 3994 231 4028 enm
249 3994 363 4042 pauperes
379 3995 427 4028 non
445 3980 552 4030 fastidire
565 4009 598 4018 —
617 3982 657 4030 sed
675 3982 704 4030 de
722 3986 784 4031 certa
801 3981 901 4046 quadam
919 3997 994 4038 causa,
1013 3982 1156 4031 contendens
1173 3982 1251 4040 illum,
1273 3983 1293 4031 si
1311 3997 1348 4032 res

175 4061 209 4111 ita
225 4061 292 4117 terat,
307 4061 404 4110 toruae
421 4062 524 4124 puellam
541 4079 667 4128 pauperem
685 4080 733 4112 esse
750 4070 881 4128 rapturum,
898 4077 990 4112 servam
1003 4079 1124 4128 nunquam
1142 4071 1274 4130 rapturum.
1329 4127 1330 4130 Ἴ

210 4143 228 4203 ⁵)
254 4142 333 4192 Ueber
359 4144 406 4194 den
433 4146 519 4212 Standv
534 4146 575 4196 der
592 4146 690 4195 Bevdlk.
713 4163 734 4193 u.
753 4147 792 4194 die
810 4145 1000 4194 Volksvermehr.
1018 4147 1052 4194 im
1071 4146 1172 4197 Altertlr.
1190 4148 1225 4211 (in
1247 4146 1308 4196 att.
1326 4147 1348 4194 d.

175 4223 239 4275 Berl.
258 4224 332 4274 akad.
351 4241 371 4274 a.
389 4227 411 4275 d.
428 4228 452 4276 J.
472 4228 554 4288 1840),
571 4243 624 4293 pag.
642 4229 682 4278 29.
