3274 4998
828 493 891 558 118

269 679 395 739 strema
416 672 525 738 Taciti
554 671 658 739 verba
676 679 833 758 postremo
854 673 951 736 vetito
972 693 1071 736 usuro
1092 670 1335 758 interpretibus
1353 669 1441 734 mul·

271 793 348 853 tum
381 786 510 871 negotii
533 786 751 850 facesserunt.
775 784 856 849 Sine
882 783 986 848 dubio
1010 784 1131 849 ecdem
1153 784 1290 870 respicit
1310 784 1439 863 LiviuS,

269 922 351 967 cum
384 898 520 966 scribit:
558 899 717 978 „Praeter
739 898 824 963 haec
846 897 985 962 invenio
1009 897 1101 983 apud
1125 897 1291 983 quosdam
1314 897 1352 962 L.
1377 897 1442 961 Ge·

270 1013 413 1079 nucium
447 1011 626 1078 tribunum
660 1010 770 1097 plebis
804 1009 919 1076 tulisse
953 1011 997 1075 ad
1026 1010 1172 1096 plebem,
1201 1032 1243 1076 ne
1266 1011 1441 1076 faenerare

269 1127 396 1193 liceret.
410 1124 436 1212 ι)
448 1126 494 1190 Et
506 1126 644 1190 fortasse
658 1125 858 1210 Appianus:
882 1121 989 1198 „ve'pea
999 1119 1075 1191 τινὲς
1086 1128 1212 1182 παλαιοῦ
1222 1123 1443 1198 διαγορεύοντος

270 1239 313 1316 μὴ
333 1239 470 1315 δανείζειν
490 1235 663 1309 tristasse,
686 1234 703 1304 ἢ
724 1237 833 1313 ζημίαν
854 1233 906 1294 τέν
928 1234 1002 1294 οὕτω
1014 1236 1190 1295 δανείσαντα
1201 1237 1406 1316 προσοφλεῖν.”
1419 1238 1443 1309 ²)
1468 1279 1470 1284 .

270 1344 373 1410 Multi
417 1343 483 1409 viri
526 1343 616 1408 docti
651 1341 824 1407 Romanas
859 1342 1006 1406 rationes
1043 1363 1167 1428 parum
1201 1342 1444 1428 perspicientes

271 1478 495 1544 summaeque
519 1455 711 1522 dementiae
736 1443 1008 1520 esseiudicantes
1022 1455 1442 1520 omnemfaenerationem

271 1577 396 1651 vetare,
431 1570 476 1635 ad
510 1569 614 1634 buius
647 1568 733 1653 legis
768 1569 872 1633 nimis
906 1575 1039 1634 coactas
1067 1569 1365 1654 interpretationes
1388 1567 1445 1632 de-

270 1690 423 1751 currunt.
460 1681 486 1768 8)
532 1682 568 1746 Si
603 1703 736 1747 mernor
759 1682 803 1746 sis
826 1703 947 1747 eorum
970 1704 1058 1768 quae
1083 1682 1156 1746 dixi
1179 1682 1221 1747 de
1245 1680 1445 1747 notionibus

271 1803 305 1864 et
335 1795 524 1862 rationibus
557 1817 644 1881 quae
679 1796 716 1859 in
752 1817 788 1860 re
823 1795 1021 1882 pecuniaria
1051 1795 1143 1882 apud
1167 1795 1326 1882 antiquos
1349 1816 1445 1880 prae-

273 1910 443 1990 valebant,
481 1909 563 1974 item
600 1909 641 1973 de
673 1908 787 1973 decori
821 1930 904 1974 cura
937 1909 1176 1974 Romanorum
1209 1907 1361 1974 moribus
1387 1929 1444 1994 pe·

271 2025 364 2090 nitus
401 2023 514 2102 insita,
549 2021 620 2086 iam
654 2021 832 2106 intelleges
865 2021 953 2086 nihil
986 2021 1119 2087 obstare
1154 2023 1240 2108 quin
1272 2043 1442 2108 ponamus

272 2159 391 2204 revera
414 2135 610 2202 Genucium
632 2157 723 2201 anno
747 2157 776 2201 a.
802 2156 835 2200 u.
859 2158 888 2201 c.
912 2137 977 2200 412
1001 2136 1044 2222 (a.
1069 2136 1149 2202 Chr.
1173 2158 1206 2201 n.
1232 2137 1311 2221 342)
1334 2135 1441 2201 talem

196 2251 199 2260 '
273 2251 387 2336 legem
421 2249 547 2330 tulisse,
583 2248 609 2334 4)
645 2271 732 2336 quae
764 2249 1014 2314 humanissimo
1041 2250 1164 2336 cuique
1188 2249 1340 2336 probata,
1364 2249 1446 2336 quia

272 2456 335 2505 liehe
359 2454 488 2510 bedeutete‚
515 2453 568 2501 dass
591 2452 709 2502 vielmebr
726 2453 800 2502 drmit
818 2458 887 2502 unter
903 2454 942 2502 die
959 2454 1049 2503 Grense
1065 2470 1184 2518 gegangeu
1200 2470 1256 2510 war,
1274 2453 1313 2502 die
1329 2453 1390 2502 auch
1407 2454 1446 2502 fiir

272 2554 331 2603 ganz
349 2535 454 2585 normale
476 2563 502 2572 -
538 2535 655 2585 durchaus
672 2536 740 2585 nicht
756 2537 916 2585 wucberische
933 2564 965 2573 —
984 2537 1101 2586 Dsrleheu
1119 2536 1277 2586 thatsaehlich
1295 2537 1355 2586 nach
1373 2541 1446 2585 unten

273 2619 397 2671 bestsnd.''

307 2703 327 2764 ¹)
360 2702 545 2761 niavluea,
565 2702 587 2750 l.

306 2787 326 2848 ²)
359 2786 463 2850 Appiau.
489 2786 518 2833 B.
544 2785 571 2833 C.
588 2785 608 2842 I,
628 2787 666 2832 54.
701 2787 790 2834 Utrum
810 2787 936 2851 Appiauus
955 2788 1032 2851 ipsum
1049 2788 1125 2852 legem
1143 2788 1272 2836 Genucium
1290 2788 1399 2852 respiciat
1415 2805 1446 2837 an

274 2869 428 2920 resentiorem
453 2867 559 2930 aliquam
584 2884 643 2930 quae
668 2868 737 2916 illam
764 2870 884 2918 renovarit
908 2870 1053 2934 paulumque
1070 2872 1234 2921 immutaverit
1251 2872 1376 2920 incertum.
1413 2872 1447 2920 De

273 2954 316 3002 hac
340 2951 478 3016 quaestione
502 2950 532 2996 cl.
560 2949 641 3000 Billet.
666 2950 683 2998 l.
701 2951 718 2999 1.
737 2967 789 3014 pag.
809 2953 856 3000 144
874 2969 955 3018 seqq.;
973 2954 1031 3002 item
1048 2955 1077 3002 de
1094 2954 1145 3018 lege
1161 2955 1262 3019 quadam
1281 2955 1373 3003 lllarcia
1391 2955 1446 3018 ,ad-

274 3051 355 3085 uersus
380 3031 552 3083 faeneratores”
578 3032 664 3081 incerti
680 3034 745 3085 anui.
763 3051 834 3098 quam
853 3036 925 3084 Gaius
942 3041 1110 3086 commemorat
1126 3038 1178 3100 (lv,
1196 3037 1246 3094 23),
1265 3042 1308 3101 „ut
1324 3038 1344 3086 si
1364 3052 1448 3086 usurus

272 3119 411 3183 exegissent,
428 3118 457 3166 de
474 3115 513 3164 his
530 3116 654 3165 reddendis
672 3133 714 3182 per
731 3134 815 3166 manus
833 3119 987 3168 iniectionem
1004 3137 1060 3169 cum
1077 3121 1112 3170 eis
1129 3121 1261 3185 ageretur.'’
1288 3122 1357 3170 Hauc
1370 3123 1447 3186 ipsam

272 3203 346 3252 luisse
366 3201 469 3266 Appiani
486 3195 614 3258 παλαιὸν
635 3198 735 3275 νόμον,
754 3217 801 3265 qua
818 3202 924 3250 Genusia
943 3207 1056 3252 renovata
1072 3204 1103 3252 sit
1121 3205 1209 3252 conicit
1227 3204 1333 3253 Billeter.

307 3292 327 3353 ³)
361 3294 397 3342 Ita
414 3294 493 3358 Lange
511 3295 589 3356 (Rom.
608 3295 657 3344 Alt.
678 3296 713 3344 ΙΙ3
731 3312 782 3360 pag.
800 3295 832 3344 41
851 3297 925 3358 seqq.)
942 3298 1036 3344 tantum
1054 3298 1136 3344 faenus
1154 3297 1266 3360 iniquum
1283 3312 1388 3345 exercere
1404 3296 1448 3344 hac

274 3375 326 3439 lege
350 3376 422 3424 luisse
447 3379 578 3427 coercitum
604 3379 745 3442 suspicatur,
764 3378 827 3442 quod
844 3377 892 3440 ipsi
910 3378 1037 3442 scriptores
1053 3380 1133 3428 Latini
1150 3396 1199 3428 non
1215 3379 1381 3442 intellegentes
1398 3395 1448 3427 rem

276 3457 434 3522 vulgaverint.
469 3459 564 3508 Similia
589 3465 732 3524 expromunt
757 3460 889 3524 Schwegler
916 3461 955 3518 (lt.
974 3461 1003 3509 G.
1019 3462 1044 3509 Il
1063 3478 1115 3525 pag.
1134 3463 1200 3521 215),
1218 3462 1317 3526 Madvig
1333 3462 1406 3523 (Veri.
1424 3479 1447 3510 u.

276 3540 352 3588 Verrr.
383 3540 408 3588 11
436 3557 489 3605 pag.
516 3542 583 3602 100),
601 3543 694 3607 Herzog
710 3543 805 3603 (Geseh.
823 3560 847 3592 u.
865 3545 927 3609 Syst.
945 3545 968 3592 d.
987 3548 1045 3593 rdm.
1064 3546 1198 3594 Staatsverl.
1216 3547 1229 3594 1
1246 3562 1298 3610 pag.
1316 3545 1365 3594 250
1382 3549 1448 3609 seq),

275 3622 326 3672 alii.
352 3623 414 3672 lhne
439 3625 518 3686 (Rom.
545 3625 641 3674 Forsch.
669 3643 720 3690 pag.
750 3627 807 3686 10³)
833 3655 865 3663 -
882 3644 953 3692 quem
970 3628 996 3676 iu
1014 3628 1152 3692 explicando
1169 3644 1212 3677 cur
1228 3645 1320 3692 semper
1336 3629 1448 3693 patricios

276 3706 403 3756 creditores
420 3723 475 3756 cum
492 3707 639 3756 debitoribus
657 3709 747 3773 plebeis
764 3711 905 3773 compositos
922 3711 1052 3767 videamus,
1069 3712 1158 3760 mirum
1179 3716 1295 3774 quantum
1313 3728 1326 3760 a
1343 3712 1448 3775 vulgatis

277 3789 432 3854 opinionibus
457 3790 589 3855 discrepare
615 3808 686 3855 supra
711 3793 795 3840 monui
818 3798 879 3856 (pag.
899 3794 1092 3850 370117)-
1106 3795 1239 3858 famerare
1255 3795 1299 3842 hoc
1316 3794 1368 3842 loco
1385 3795 1448 3844 idem

279 3887 327 3921 esse
353 3875 423 3936 atque
445 3873 555 3922 decumas
572 3874 664 3937 eripere
680 3891 710 3923 es
726 3875 792 3938 apris
809 3876 904 3925 conicit.
939 3877 990 3925 Hos
1006 3893 1088 3926 omnes
1105 3878 1192 3926 refutat
1208 3877 1309 3926 Billeter
1325 3876 1343 3925 l.
1360 3877 1377 3926 l.
1396 3894 1447 3941 pag.

278 3955 325 4003 135
343 3971 407 4018 seqq.
431 3956 542 4005 Celerum
560 3958 588 4005 dc
601 3957 664 4005 Livii
681 3958 827 4021 expositione
844 3959 912 4007 etde
928 3959 1063 4008 auctoribus
1079 3976 1137 4024 quos
1147 3961 1172 4008 in
1182 3960 1304 4008 scribendo
1313 3964 1406 4009 secutus
1414 3965 1448 4009 eat

277 4038 309 4088 el.
327 4037 390 4087 idem
406 4037 424 4086 l.
442 4037 459 4087 l.
477 4055 529 4103 pag.
556 4040 603 4088 lea
621 4056 684 4105 seqq.

311 4120 332 4182 ⁴)
365 4121 467 4170 Omnem
493 4122 677 4172 faenerationem
694 4123 767 4172 fuisse
784 4124 883 4173 vetitam
914 4129 1005 4189 praeter
1022 4125 1123 4175 billeter
1141 4126 1211 4174 etlam
1229 4131 1327 4176 sumunt
1345 4127 1448 4177 Momm·

278 4219 319 4254 sea
336 4202 375 4270 (R.
397 4203 427 4253 0.
444 4202 468 4252 1⁸
484 4219 537 4272 pag.
556 4205 623 4267 802),
641 4206 780 4274 Marquardt
796 4207 861 4272 (StV.
881 4206 906 4256 1²
922 4223 974 4276 pag.
994 4209 1043 4270 50),
1056 4212 1100 4260 ete.
