3274 4998
728 481 791 548 195

214 661 269 726 Ex
292 659 453 728 hocloco
476 660 619 748 aliisque
643 662 879 749 compluribus
902 661 1059 730 videmus
1077 659 1189 728 varias
1202 681 1340 747 quoque

170 797 223 841 res
257 775 361 840 iactas
384 775 486 840 fuisse
511 775 546 840 in
570 775 749 862 populum,
773 777 821 842 ita
845 776 986 862 quidem
1009 788 1048 839 ut
1071 779 1131 840 aut
1153 774 1227 861 ipsa
1250 774 1341 841 dona

170 894 411 974 spargerentur
444 894 504 954 aut
536 894 641 955 sortes
676 889 846 976 quaedam
870 890 941 955 sive
965 895 1108 954 tesserae
1142 887 1267 974 quibus
1291 888 1342 952 in·

170 1001 296 1088 scripta
318 1007 415 1067 crant
440 1023 585 1068 munera
600 1001 693 1089 plebi
705 1024 848 1069 cessura.
888 1003 1022 1068 Horum
1036 1023 1219 1070 munerum
1233 1001 1342 1066 maxi·

170 1136 227 1180 ma
249 1121 321 1180 erat
344 1114 501 1182 varietas.
540 1115 766 1182 Donabantur
792 1117 886 1182 enirn
909 1117 1100 1203 praesentia
1125 1115 1287 1195 absentia,
1315 1112 1340 1200 ¹)

171 1227 327 1312 vulgaria
358 1228 508 1313 insignia
543 1249 582 1294 ac
618 1251 703 1310 rara,
728 1229 901 1296 esculenta
924 1229 1097 1296 animalia.
1145 1228 1340 1315 Cupiditate

171 1341 322 1428 provecti
349 1341 450 1406 multi
473 1347 568 1408 tanto
595 1343 727 1429 impetu
751 1343 788 1407 in
810 1343 935 1409 iactata
957 1343 1048 1408 dona
1071 1341 1278 1422 ferebantur,
1304 1347 1342 1405 ut

171 1454 225 1522 vel
264 1455 352 1520 vitae
392 1455 583 1541 periculum
615 1456 799 1522 exsisteret.
826 1455 851 1541 Β)
898 1457 1019 1543 Itaque
1055 1455 1342 1543 prudentissimus

171 1558 315 1655 quisque
339 1589 465 1653 magno
489 1591 596 1654 parva
619 1575 772 1636 constare
796 1570 914 1651 sciens,
939 1570 1184 1657 cumprimum
1198 1589 1342 1634 munera

170 1681 288 1748 induci
327 1681 474 1762 videbat,
513 1703 533 1746 a
567 1682 700 1749 theatro
732 1683 895 1768 fugiebat.
931 1684 956 1766 ³)
1003 1684 1049 1750 At
1084 1684 1168 1750 haec
1205 1703 1342 1769 quoquo

171 1794 407 1860 munificentia
441 1795 569 1881 optimo
593 1795 829 1878 illustrabitur,
854 1797 882 1862 si
905 1817 950 1863 ex
973 1797 1055 1884 ipsis
1078 1818 1194 1863 rerum
1218 1796 1342 1862 Roma·

171 1929 296 1974 narum
319 1908 514 1974 auctoribus
537 1908 714 1996 aliquanto
737 1909 836 1996 plura
859 1910 1019 1997 exempla
1042 1910 1265 1998 proferamus

216 2021 291 2087 Iam
336 2021 526 2107 antiquitus
567 2023 664 2103 cicer,
704 2023 792 2103 faba,
839 2023 952 2110 lupini
994 2023 1037 2090 ab
1072 2023 1113 2089 iis
1147 2023 1208 2110 qui
1244 2023 1343 2088 ludos

172 2133 322 2200 Florales
356 2133 574 2217 exhibebant,
610 2135 781 2202 dabantur
817 2143 851 2203 et
888 2136 1136 2224 spargebantur
1159 2136 1197 2201 in
1220 2135 1345 2220 vulgus

175 2247 239 2328 „ad
268 2247 428 2334 plausum
452 2254 485 2314 et
507 2249 660 2316 favorem
680 2250 1053 2338 populioaptandum.”
1078 2250 1104 2337 4)
1131 2249 1232 2329 Quod
1243 2248 1346 2334 largi·

172 2361 273 2428 tionis
310 2383 419 2446 genus
455 2383 535 2428 cum
570 2384 660 2430 anno
697 2386 730 2450 p.
765 2364 844 2430 Chr.
881 2387 914 2430 n.
950 2363 1014 2430 217
1050 2364 1087 2429 in
1114 2363 1233 2430 ceteris
1254 2362 1345 2428 ludis

172 2481 340 2557 cessasset,
379 2475 416 2540 in
439 2475 632 2543 Floralibus
657 2483 775 2544 tamen
799 2477 1022 2566 permanebat
1044 2481 1188 2544 testante
1213 2477 1343 2543 Dione:

174 2593 228 2656 ητό
251 2611 286 2650 τε
309 2591 495 2652 διαδίδοσθαὶ
517 2615 582 2652 τινα
606 2590 634 2652 ἐν
657 2604 723 2664 ταῖς
735 2601 794 2654 τῶν
806 2601 989 2672 στρατηγῶν
1001 2600 1060 2654 τῶν
1072 2594 1148 2654 πάνυ
1159 2592 1252 2672 θέαις,
1266 2592 1345 2664 πλὴν

171 2707 231 2763 τῶν
253 2713 290 2790 τῇ
314 2705 420 2786 ilipa
443 2706 625 2783 τελουμένων
641 2747 881 2761 ..........
887 2706 905 2736 ”
921 2707 945 2792 ⁵)
969 2704 1079 2771 Multo
1096 2705 1345 2789 graviorasunt

171 2880 347 2944 quinquagenas
373 2881 494 2930 drachmas
519 2881 611 2930 viritim
638 2881 769 2932 distribuit.
804 2875 931 2935 Δεῖπνον
956 2883 1032 2947 igitur
1054 2882 1148 2932 videtur
1166 2882 1279 2931 hocloco
1297 2898 1345 2930 non

171 2971 241 3020 aliter
266 2971 358 3020 dIctam
381 2988 430 3021 ease
454 2976 523 3036 atque
546 2972 638 3036 saepius
655 2973 757 3021 occurrit
773 2972 886 3021 Latinum
904 2973 1046 3022 vocabulum
1063 2973 1165 3038 epulam.
1200 2973 1247 3035 (cf.
1266 2973 1344 3036 Marq.

170 3052 284 3102 Privatl’
300 3070 352 3118 pag.
372 3054 419 3102 209
438 3071 485 3118 seq.
503 3058 526 3103 et
544 3071 614 3119 supra
631 3071 683 3119 pag.
702 3055 769 3114 191.)
803 3055 838 3103 Dc
856 3055 901 3103 ista
918 3055 1090 3119 significatione
1100 3055 1162 3104 nibil
1172 3056 1198 3104 in
1208 3056 1307 3112 lexicis,
1317 3071 1347 3102 ne

171 3136 198 3184 in
220 3135 264 3184 illo
281 3137 377 3200 quidem
394 3137 540 3202 suppletorio
556 3142 580 3186 ct
596 3137 727 3197 dialectico,
744 3139 806 3202 quod
824 3139 959 3202 nuperrime
976 3139 1110 3202 composuit
1125 3139 1176 3186 Vsa
1195 3139 1346 3187 Herwcrdea.

208 3219 229 3278 ι)
262 3219 299 3267 Cf.
327 3219 398 3270 Mart.
429 3221 497 3279 VIII,
524 3221 563 3279 78,
592 3221 622 3269 10
646 3237 709 3285 seqq.
736 3222 764 3270 dc
790 3220 876 3269 Stellae
904 3221 967 3270 ludis
994 3249 1025 3257 -
1043 3222 1084 3286 qui
1102 3238 1166 3280 saue,
1185 3225 1210 3270 ut
1226 3238 1239 3270 a
1256 3221 1347 3285 privato

172 3302 269 3352 homine
286 3303 344 3361 dati,
365 3320 413 3352 nou
431 3309 489 3352 sunt
505 3303 577 3352 buius
596 3303 641 3352 loci
660 3323 708 3352 -ε

408 3387 495 3451 „Nunc
512 3387 552 3436 dat
568 3390 746 3452 spectatas
763 3390 849 3435 tessera
866 3386 932 3451 larga
948 3388 1015 3445 feras,

405 3471 478 3519 Nunc
495 3470 594 3535 implam
611 3471 679 3519 sinus
696 3486 789 3519 securos
806 3471 891 3534 gaudet
908 3475 931 3520 ct
947 3471 1073 3520 abssas

406 3547 507 3602 Sortitur
524 3553 641 3612 dominos,
659 3570 689 3602 nc
705 3553 827 3610 laceretur,
845 3553 919 3602 avis.”

206 3637 227 3696 ²)
262 3635 299 3684 CI.
317 3635 404 3684 Herod.
423 3636 451 3693 V,
470 3637 493 3694 d,
513 3636 551 3685 10.
586 3637 684 3696 (Locum
702 3637 765 3685 inira
782 3636 892 3700 exscripsi
910 3653 961 3701 pag.
981 3637 1046 3698 197.)

205 3717 225 3779 ³)
261 3717 324 3767 Haec
347 3717 418 3767 verba
435 3719 545 3768 transtuli
563 3736 575 3768 a
592 3720 670 3768 Sonat.
689 3720 733 3784 up.
752 3719 813 3768 Mor.
831 3719 872 3777 IX,
890 3736 925 3784 ap.
945 3721 959 3768 3
978 3719 1037 3780 (74),
1055 3719 1096 3768 ubi
1114 3723 1133 3780 (§
1151 3719 1166 3772 7
1184 3721 1257 3782 seqq.)
1275 3718 1346 3767 huius

173 3800 308 3864 largitionis
326 3802 385 3851 ratio
403 3802 520 3866 praeclaro
537 3802 679 3852 illustratur.

205 3885 225 3945 ⁴)
260 3884 297 3934 01.
323 3884 400 3934 Schol.
427 3885 453 3934 in
482 3885 557 3934 Horat
591 3885 638 3934 Sat.
662 3885 696 3943 II,
717 3886 740 3942 3,
760 3885 823 3942 1823
843 3885 907 3933 Pars.
927 3886 949 3942 5,
969 3885 1015 3937 177
1035 3901 1082 3948 seq.
1100 3887 1123 3933 et
1141 3883 1204 3932 Jahn
1221 3884 1250 3932 ad
1267 3884 1291 3933 h.
1311 3883 1344 3941 l.;

173 3968 326 4017 Friedlbndcr
341 3967 506 4033 (SIttengesch.
524 3970 597 4018 Roma
614 3968 650 4016 ΙΙ1
670 3984 723 4032 pag.
742 3969 806 4026 3153
825 3969 888 4032 apud
905 3968 982 4031 Marq.
1000 3967 1054 4016 StV.
1073 3967 1123 4016 111²
1134 3983 1186 4031 pag.
1199 3967 1302 4020 497adn
1322 3969 1346 4028 3)

174 4051 259 4114 cogitat
274 4051 303 4100 de
319 4051 386 4116 pulte
402 4069 415 4101 a
431 4052 485 4100 faba
502 4067 528 4100 ac
545 4051 619 4100 cicero
635 4052 703 4100 facta.

207 4134 226 4194 ι)
259 4133 306 4182 Dio
323 4133 388 4184 Cass.
405 4134 537 4192 LXXVIII,
555 4134 595 4192 22,
614 4134 637 4183 l.
654 4133 730 4182 Locus
747 4137 783 4182 ast
794 4136 919 4198 corruptus
929 4153 935 4191 ;
947 4133 1003 4182 vide
1011 4133 1116 4183 Boissev.
1127 4133 1188 4183 adh.
1200 4133 1218 4183 l.
1227 4134 1346 4184 Praetores

174 4216 214 4266 illi
232 4216 430 4267 videntur‘suisso
447 4218 540 4267 urbani.
558 4218 595 4267 cf.
613 4216 724 4266 Momms.
742 4217 799 4266 StR.
817 4215 853 4265 11³
870 4233 936 4282 pagg.
957 4217 1003 4265 198
1021 4232 1075 4266 cum
1092 4217 1146 4266 adn.
1166 4217 1188 4275 l,
1199 4217 1309 4270 terrun.
1320 4219 1345 4265 6.
