3296 5008
810 500 875 566 244

254 671 372 740 tiones.
409 672 435 760 1)
491 675 567 741 Iam
613 682 698 759 tum,
734 700 814 744 cnm
848 678 955 745 libera
990 685 1063 745 erat
1097 680 1334 747 Romanorum
1371 705 1425 748 res

254 786 401 873 publica,
426 788 563 856 crebrae
589 797 686 856 eraut
709 793 909 874 occasiones,
940 815 1051 880 neque
1076 793 1140 859 hoc
1153 795 1282 860 mirum
1293 795 1329 859 in
1344 797 1425 860 civi·

254 907 321 967 tate
356 900 424 983 illa,
461 924 548 990 quae
584 905 800 990 optimatium
833 905 972 972 arbitrio
1007 907 1208 992 regebatur;
1242 909 1295 973 his
1319 911 1423 990 enim,

252 1021 291 1080 ut
314 1021 441 1080 statum
464 1037 565 1082 suum
590 1018 783 1097 retinerent,
809 1040 870 1105 pro
894 1021 1059 1104 dignitate
1086 1021 1273 1088 vivendum
1292 1024 1423 1108 magni·

228 1147 231 1151 ·
252 1127 392 1214 ficisque
428 1130 648 1216 apparatibus
672 1132 830 1218 vitaeque
854 1133 949 1199 cultu
971 1155 1052 1200 cum
1075 1134 1244 1220 elegantia
1267 1143 1301 1201 et
1324 1137 1422 1223 copia
1473 1217 1475 1220 .

250 1242 420 1307 utendum
454 1250 536 1309 erat.
582 1244 696 1323 Quare
720 1247 914 1332 saepissime
939 1249 1106 1314 eiusmodi
1130 1249 1369 1334 largitionibus
1394 1251 1420 1336 ς)

250 1354 366 1422 locum
388 1357 489 1424 fuisse
514 1357 612 1424 facile
635 1358 868 1444 intellegimus
887 1361 930 1426 ad
950 1363 1195 1448 aucupandum
1218 1365 1371 1429 favorem
1384 1365 1422 1428 iu

250 1469 438 1536 honoribus
472 1471 527 1537 vel
562 1473 717 1559 petendis
750 1473 805 1540 vel
840 1476 986 1562 acceptis
1020 1477 1118 1542 etad
1144 1476 1420 1543 benevolentiam

250 1583 501 1650 conciliandam
530 1589 702 1673 potentiae
726 1590 975 1674 comparandae
999 1611 1110 1669 eausa,
1135 1591 1218 1655 item
1241 1591 1277 1655 in
1302 1592 1422 1656 trium-

250 1698 328 1785 phis
362 1700 577 1782 exornandis,
612 1700 638 1788 8)
672 1702 709 1766 iu
744 1702 921 1768 funeribus
944 1702 1165 1783 celebrandis,
1190 1706 1216 1790 4)
1240 1705 1419 1770 similibus

256 1879 449 1888 ——-——.

248 1987 343 2064 δήμοιι
361 1993 510 2064 λαμπρῶς
531 1991 672 2063 eloi-edice,
695 1993 736 2050 τά
757 2011 792 2050 πε
813 1990 922 2065 λουτρὰ
933 1991 983 2052 uni
993 1987 1091 2063 (ri)
1103 1988 1197 2050 ἔλαιον
1207 2000 1313 2065 προῖκα
1324 1988 1422 2060 αὐτοῖς

249 2083 431 2164 παρέσχεν.”
450 2116 481 2124 -
499 2088 548 2137 Cic.
566 2088 602 2136 De
618 2089 664 2136 Off.
683 2089 716 2146 Il,
737 2090 775 2148 17,
795 2089 841 2136 58:
861 2089 955 2152 „Oresti
974 2104 1048 2153 nuper
1064 2088 1162 2152 prandia
1177 2088 1204 2136 iu
1213 2088 1304 2136 semitis
1313 2089 1422 2136 decumae

248 2183 344 2232 nomine
361 2200 446 2247 magno
464 2184 549 2232 honori
567 2184 689 2232 fuerunt.''

285 2266 302 2327 ¹)
336 2266 385 2314 Cic.
412 2267 447 2316 De
472 2267 520 2316 off.
540 2268 573 2324 Il,
592 2267 631 2324 16,
650 2268 697 2314 55ι
716 2267 837 2331 „Prodigi
855 2267 895 2330 qui
914 2267 992 2330 epulis
1009 2271 1032 2314 et
1050 2265 1247 2314 viscerationibus
1265 2270 1289 2314 et
1304 2264 1419 2330 gladiato·

248 2366 301 2398 rum
327 2351 474 2409 muneribus,
501 2351 612 2411 ludorum
630 2351 828 2415 venationumque
849 2358 962 2416 apparatu
980 2351 1091 2414 pecunias
1108 2351 1258 2414 profundunt
1275 2351 1300 2398 in
1319 2366 1356 2398 eas
1374 2365 1419 2407 res,

247 2449 347 2497 quarum
365 2435 502 2483 memoriam
519 2439 560 2483 aut
577 2434 670 2482 brevem
688 2438 728 2483 aut
746 2433 838 2482 nullam
856 2435 955 2482 omnino
972 2434 1022 2482 sint
1039 2433 1174 2482 relicturi.”

280 2517 300 2578 2)
334 2517 371 2566 cf.
396 2534 448 2582 pag.
476 2518 531 2566 181.
566 2517 730 2580 Contemptim
755 2517 837 2565 Cicero
863 2533 988 2566 munerum
1015 2517 1083 2565 istam
1110 2517 1259 2579 largitionem
1284 2515 1344 2563 dicit
1369 2531 1419 2564 esse

249 2601 437 2664 „adsentatorum
460 2601 543 2666 populi
571 2601 736 2650 multitudinis
753 2601 872 2648 levitatem
891 2601 1011 2664 voluptate
1028 2601 1095 2663 quasi
1113 2598 1290 2648 titillantium.'’
1307 2599 1353 2659 (lle
1370 2598 1418 2646 Off.

163 2731 167 2736 .
247 2684 280 2741 ΙΙ,
308 2684 347 2742 18,
374 2685 415 2744 63)
440 2684 507 2732 Idem
532 2688 610 2732 tarnen
637 2683 708 2748 paulo
725 2689 778 2732 aute
795 2685 845 2745 (17,
864 2684 919 2732 ὅὸιι
940 2684 1056 2747 „Vitanda
1073 2687 1151 2731 tamen
1169 2683 1272 2746 suspicio
1291 2686 1326 2730 est
1342 2681 1418 2728 avari·

247 2767 293 2814 tiae
311 2803 441 2816 ......
477 2768 555 2832 Quare
576 2772 606 2826 et,
624 2768 644 2816 si
662 2767 824 2832 postulatura
842 2767 937 2832 populo,
955 2767 1024 2815 bonis
1042 2767 1101 2815 viris
1118 2767 1138 2814 si
1156 2783 1204 2814 non
1221 2765 1418 2822 desiderantibus,

247 2855 271 2898 at
295 2855 374 2898 umen
400 2851 585 2915 adprobantibus
602 2853 739 2900 faciundum
757 2856 798 2910 est,
817 2852 885 2900 modo
903 2867 945 2915 pro
962 2850 1123 2906 facultatibus,
1141 2866 1184 2898 nos
1202 2849 1248 2913 ipsi
1267 2853 1293 2896 ut
1309 2849 1418 2905 fecimus,

247 2937 271 2981 et
288 2934 308 2981 si
326 2935 421 2997 qnando
438 2934 518 2998 aliqua
535 2951 571 2982 res
587 2935 663 2983 maior
679 2940 749 2998 atque
767 2935 850 2984 utilior
867 2934 975 2998 populari
994 2934 1120 2997 largitione
1136 2931 1294 2996 adquiritur.''
1329 2933 1359 2980 ut
1372 2931 1418 2978 Pro

248 3016 311 3065 Mur.
339 3017 378 3074 36,
405 3019 452 3069 77ι
473 3018 566 3081 „Quare
584 3035 626 3066 nec
643 3018 707 3082 plebi
724 3020 841 3067 Romanae
857 3017 973 3081 eripiendi
990 3019 1081 3066 fructus
1099 3017 1140 3064 isti
1159 3020 1215 3064 sunt
1232 3015 1351 3071 ludorum,
1368 3014 1418 3078 gla-

247 3101 372 3157 diatorum,
398 3101 570 3160 conviviorum,
596 3118 654 3166 qnae
679 3103 760 3150 omnia
785 3103 884 3150 maiores
910 3101 983 3149 nostri
1010 3103 1211 3164 comparaverunt,
1229 3115 1271 3146 uec
1288 3098 1418 3146 candidatis

247 3184 292 3232 ista
316 3184 449 3248 benignitas
468 3186 593 3233 adimenda
610 3190 653 3244 est,
670 3202 729 3249 quae
746 3185 911 3233 liberalitatem
929 3185 1004 3248 magis
1020 3184 1138 3247 significat
1154 3199 1223 3246 quam
1243 3179 1418 3244 largitionem.”

280 3267 300 3327 8)
335 3268 420 3316 Athen.
449 3267 477 3324 V,
505 3269 536 3316 65
563 3275 624 3333 (pag.
651 3265 725 3330 tulf)
752 3271 804 3331 (Ed.
823 3270 932 3329 Kaibel):
954 3265 1000 3334 „iv
1020 3277 1063 3346 τῷ
1084 3265 1413 3342 τοῦ“Ηροικλὲουςείρῷ,

247 3364 277 3426 ἓν
297 3363 318 3449 ᾧ
336 3371 359 3426 οἱ
379 3366 448 3437 τοὺς
468 3367 640 3444 θριάμβους
660 3372 849 3446 κατάγοντες
870 3388 1038 3446 στρατηγοὶ
1052 3370 1170 3431 ἑστιῶσι
1180 3367 1248 3438 τοὺς
1258 3369 1416 3437 πολίτας.”

248 3470 401 3531 Magnificum
428 3471 562 3535 exemplum
588 3473 682 3536 praebet
707 3475 830 3530 Lucullus,
857 3477 898 3538 qui
925 3492 951 3524 ex
978 3476 1034 3523 Asia
1060 3475 1151 3522 rediens
1180 3461 1252 3526 ur't'zv
1272 3479 1306 3518 Te
1328 3461 1416 3518 55le

248 3556 377 3612 εἱστίασε
409 3559 557 3630 λαμπρῶς
586 3556 635 3617 καὶ
668 3554 725 3625 τὰς
746 3557 919 3630 περιοικίδας
939 3559 1055 3633 κώμοις,
1078 3558 1113 3626 cic
1134 3554 1242 3625 οὐΐκους
1262 3557 1416 3618 annedae?

247 3649 321 3710 (Plnt.
349 3651 406 3699 Luc.
433 3650 475 3710 37)
502 3651 569 3699 Tunc
594 3653 673 3716 ipsum
700 3654 749 3700 vini
769 3653 853 3717 „milia
870 3655 932 3716 (illa)
949 3656 1033 3703 cadum
1051 3655 1199 3717 congiarium
1216 3653 1298 3701 divisit
1314 3653 1417 3717 amplius

247 3733 367 3781 eentum.'’
385 3733 430 3795 (cf.
449 3750 500 3798 pag.
520 3735 577 3795 176)
612 3737 647 3784 De
664 3737 769 3785 Caesaris
787 3738 915 3802 triumphis
933 3739 982 3786 dixi
1000 3755 1066 3802 pagg.
1086 3737 1133 3788 176
1152 3753 1208 3800 seq,
1227 3737 1282 3785 188.

280 3817 300 3876 ⁴)
320 3817 385 3880 ΙΙιίιιΙ
412 3818 479 3876 VllI,
498 3819 538 3876 22,
556 3819 587 3867 2ι
607 3819 714 3884 „Populo
732 3821 854 3869 visceratio
871 3823 924 3870 data
941 3838 954 3869 a
971 3821 1006 3869 M.
1024 3821 1106 3868 Flavio
1124 3821 1149 3868 in
1168 3821 1249 3868 sunere
1267 3818 1373 3868 matris?
1384 3847 1416 3855 —

248 3899 356 3958 XXXIX,
383 3903 423 3960 46,
450 3902 465 3950 2
483 3919 546 3966 seq.:
566 3904 609 3968 ,R
627 3904 705 3951 Licini
724 3905 812 3952 funeris
829 3921 897 3952 causa
916 3905 1039 3952 visceratio
1057 3906 1109 3952 data
1126 3910 1148 3952 et
1165 3904 1304 3966 gladiatores
1321 3907 1416 3952 centum

248 3982 332 4044 viginti
359 3991 494 4048 pugnarunt
519 3991 542 4035 et
568 3987 619 4036 ludi
648 3987 757 4036 funebres
784 4004 824 4051 per
841 3987 946 4036 triduum
966 3989 1028 4045 facti,
1047 3991 1098 4051 post
1116 3987 1184 4035 ludos
1201 3987 1308 4051 epulum.
1326 3987 1351 4034 in
1369 4002 1416 4048 qno

247 4081 301 4113 curn
327 4070 376 4114 toto
402 4068 452 4116 foro
477 4069 581 4118 triclinia
608 4075 678 4119 atrata
703 4075 780 4119 essent
807 4088 827 4118 e.
846 4087 868 4134 q.
887 4071 923 4119 s.’'
942 4071 1156 4129 —XXXXl,28,
1176 4071 1214 4125 10,
1235 4070 1281 4118 ll:
1300 4069 1416 4134 „Munera

246 4147 403 4212 gladiatorum
429 4166 455 4198 eo
481 4168 543 4200 anno
567 4153 666 4217 aliquot,
693 4170 765 4218 parva
791 4154 837 4202 alia
862 4155 930 4212 data;
957 4171 1030 4202 unum
1052 4158 1105 4201 aute
1123 4159 1197 4202 cetera
1214 4154 1307 4216 insigne
1323 4152 1370 4200 luit
1387 4152 1416 4200 Τ.

247 4233 386 4294 Flaminini,
403 4235 466 4298 quod
482 4237 565 4285 mortis
582 4253 651 4286 causa
668 4238 741 4303 petris
758 4238 795 4286 sui
814 4254 868 4286 cum
886 4237 1039 4286 visceratione
1056 4237 1171 4301 epuloque
1188 4241 1210 4286 et
1227 4237 1291 4286 ludis
1303 4235 1416 4293 scaenicis
