3296 5008
842 517 907 583 234

288 691 446 764 meliores
486 696 620 784 quaerit
653 694 758 764 661116
791 696 862 762 6616
895 695 997 762 rebus
1032 695 1194 765 adversis.
1252 696 1460 783 Propensior

288 804 482 896 benignitas
504 830 574 877 6666
598 807 736 878 debebit
757 809 794 874 in
817 808 1041 890 calamitosos,
1068 809 1134 875 6161
1146 809 1231 876 forte
1245 817 1346 876 erunt
1360 810 1458 895 digni

288 921 492 990 calamitate.
537 923 580 989 In
614 923 656 992 iis
689 928 815 1004 tamen,
841 923 900 1010 qui
923 944 958 989 se
981 923 1138 990 adiuvari
1164 922 1289 1004 volent,
1318 945 1387 990 non
1413 946 1457 990 ne

289 1031 507 1122 adfligentur,
544 1037 601 1104 sed
637 1043 676 1120 pt
709 1036 865 1103 altiorem
899 1036 1046 1122 gradum
1080 1037 1275 1118 ascendant,
1311 1038 1452 1104 restriot'

288 1145 430 1218 omnino
464 1172 534 1218 esse
569 1149 665 1218 nullo
699 1151 801 1218 modo
829 1149 1002 1231 debemus,
1027 1150 1086 1216 sed
1112 1150 1148 1215 16
1172 1149 1363 1236 deligendis
1385 1151 1460 1218 ido-

288 1265 362 1332 6616
406 1261 574 1332 iudicium
612 1270 645 1338 et
683 1261 900 1349 diligentiam
936 1263 1109 1330 adhibere.
1157 1264 1248 1330 Nam
1285 1263 1459 1350 praeclare

287 1373 443 1444 Ennius:

386 1487 516 1558 Bene
546 1491 678 1560 facta
712 1491 834 1558 male
868 1491 1033 1558 locata
1067 1490 1188 1557 male
1223 1491 1358 1558 facta

747 1604 1002 1671 arbitror.'’

287 1717 391 1784 Hisce
416 1717 528 1786 verbis
550 1717 656 1803 igitur
678 1717 906 1784 admonemur
929 1724 967 1783 ut
990 1718 1026 1782 iu
1051 1717 1137 1785 bena
1151 1718 1306 1785 faciendo
1320 1739 1459 1805 quoque

287 1827 453 1898 iustitiam
487 1831 764 1918 aequitatemque
800 1831 961 1899 colamus,
1008 1831 1056 1896 At
1089 1853 1132 1897 66
1164 1831 1295 1897 61111166
1318 1831 1460 1918 quidem

287 1938 502 2030 neglegenda
524 1945 593 2011 esti
641 1945 853 2032 spectandus
876 1945 970 2011 enim
993 1951 1044 2011 est
1070 1951 1123 2025 ,et
1146 1945 1283 2010 animus
1299 1965 1380 2030 arga
1398 1966 1461 2011 nos

288 2064 321 2124 et
354 2059 582 2125 communitas
616 2079 654 2124 ac
689 2058 829 2125 societas
864 2059 954 2125 vitae
988 2066 1021 2124 et
1055 2059 1099 2124 ad
1133 2064 1266 2125 nostras
1297 2057 1461 2125 utilitates

288 2167 398 2239 officia
433 2178 511 2238 ante
539 2171 704 2238 conlata.’'
731 2170 756 2254 1)
801 2172 916 2258 Atque
939 2172 1023 2238 adeo
1049 2171 1297 2258 benignitatem
1320 2171 1386 2258 ipsi
1411 2172 1461 2238 rei

288 2278 444 2372 publicae
468 2285 701 2352 emolumento
725 2307 795 2352 esse
815 2285 997 2352 discimus:
1018 2287 1152 2372 „Atque
1168 2286 1253 2352 haec
1266 2285 1461 2371 benignitas

289 2399 393 2466 etiam
416 2400 465 2466 rei
488 2398 644 2486 publicae
669 2406 719 2466 est
742 2399 843 2480 utilis,
868 2400 990 2465 redimi
1013 2421 1031 2466 e
1055 2399 1218 2466 servitute
1231 2405 1356 2486 666166,
1370 2398 1461 2466 locu-

288 2512 411 2600 pletari
445 2513 635 2594 tenuiores;
669 2513 758 2600 quod
795 2513 936 2599 quidem
959 2513 1060 2598 volgo
1084 2512 1221 2579 solitum
1245 2512 1319 2578 fieri
1342 2511 1386 2578 ab
1410 2534 1461 2579 or-

289 2625 369 2692 dine
392 2632 507 2692 nostro
530 2626 566 2691 in
590 2626 741 2692 oratione
765 2626 876 2692 Crassi
899 2626 1065 2713 scriptum
1081 2625 1214 2713 copiose
1230 2625 1419 2693 videmus.''
1434 2625 1460 2711 2)

290 2739 387 2806 Haec
421 2741 538 2806 omnia
571 2762 591 2805 6
626 2740 818 2806 Christiana
853 2740 979 2806 virtute
1002 2739 1103 2824 longo
1127 2738 1321 2805 abhorrent.
1368 2739 1461 2818 Quid

290 2853 411 2920 enim?
457 2853 657 2920 Liberalitas
679 2874 758 2920 cum
783 2853 838 2920 vel
859 2853 936 2919 ideo
959 2876 979 2919 6
1001 2853 1162 2919 Cicerone
1188 2852 1459 2933 commendatur,

292 2965 374 3054 quia
406 2966 506 3054 probi
539 2967 696 3033 homines
724 2973 864 3053 accepta
888 2966 1054 3033 beneficia
1076 2973 1173 3051 grata
1196 2966 1363 3032 memoria
1386 2987 1461 3052 pro-

291 3081 388 3168 sequi
422 3079 540 3161 solent,
576 3079 603 3166 3)
638 3101 754 3146 nonne
787 3081 852 3147 hoc
889 3102 1026 3167 quoque
1043 3080 1254 3167 principium
1276 3079 1320 3145 ab
1343 3101 1460 3145 amore

292 3191 346 3261 661
390 3195 533 3260 ductum
568 3216 638 3260 esse
671 3195 791 3281 patet?
847 3195 1002 3260 Profecto
1039 3192 1147 3260 multo
1181 3199 1331 3280 praestat
1366 3193 1463 3259 Chri·

293 3305 403 3374 stiana
436 3308 568 3390 caritas,
594 3307 704 3395 qualis
727 3307 763 3372 in
787 3306 965 3393 euangelio
989 3305 1200 3374 describitur.
1248 3307 1345 3372 Haec
1367 3306 1462 3372 enim

329 3587 346 3648 ¹)
380 3585 518 3645 1‚14,45.

327 3669 346 3730 ἵ)
380 3669 413 3728 Π,
432 3669 471 3727 18,
491 3669 531 3718 63.

326 3752 346 3814 ³)
379 3752 397 3802 l.
414 3752 448 3801 l.:
470 3752 556 3817 „Quod
572 3756 649 3801 autem
667 3752 784 3801 tributum
801 3755 836 3800 661
853 3752 914 3800 bono
932 3752 983 3800 viro
999 3756 1022 3800 ct
1038 3755 1110 3816 grato,
1128 3751 1154 3800 in
1171 3767 1298 3800 eocamex
1312 3751 1464 3815 ipsoiructus

292 3840 334 3892 est,
360 3840 412 3884 tum
438 3836 508 3884 etiam
526 3852 553 3884 ex
570 3835 659 3884 ceteris.
694 3835 833 3884 Temeritate
850 3836 914 3883 enirn
931 3839 1019 3884 remota
1035 3835 1170 3898 gratissima
1186 3839 1221 3883 est
1238 3834 1374 3893 liberalitas,
1392 3851 1465 3898 eoque

293 3935 344 3967 eam
369 3919 497 3968 studiosius
516 3919 624 3984 plerique
641 3918 746 3977 laudant,
763 3919 826 3982 quod
843 3919 932 3966 summi
949 3918 1064 3982 cuiusque
1081 3918 1173 3966 bouitas
1191 3933 1317 3966 commune
1330 3917 1464 3982 perfugium

293 4005 329 4050 661
356 4002 471 4051 omnium.
506 4003 588 4052 Danda
613 4003 687 4066 igitur
712 4019 782 4066 opera
807 4006 849 4058 est,
870 4006 894 4050 61
911 4002 942 4049 116
959 4001 1079 4050 beneficiis
1096 4017 1167 4065 quam
1184 4000 1302 4065 plurimos
1319 4001 1464 4057 adiciamus,

293 4099 393 4148 quorum
412 4085 525 4133 memoria
542 4085 624 4134 liberis
642 4086 786 4150 posterisque
802 4086 922 4150 prodatur,
939 4090 966 4134 ut
982 4085 1013 4133 iis
1030 4085 1131 4147 ingratis
1148 4101 1198 4133 6666
1215 4101 1262 4132 666
1280 4083 1357 4132 liceat.
1376 4084 1465 4132 Omnes

293 4167 358 4216 enim
384 4167 538 4216 inmemorem
563 4167 670 4216 beneficii
696 4169 795 4217 oderunt
815 4184 912 4232 eamque
928 4167 1043 4216 iniuriam
1060 4167 1087 4216 in
1105 4167 1241 4216 deterrenda
1258 4166 1401 4215 liberalitate
1418 4166 1464 4215 sibi

293 4251 364 4301 etiam
382 4250 433 4298 ficri
451 4265 559 4315 eumque,
577 4251 618 4316 qui
635 4252 713 4312 faciat,
730 4267 879 4300 communem
896 4251 986 4300 hostem
1004 4251 1139 4302 tenuiorum
1156 4251 1264 4317 putant.''
