3226 4998
831 444 873 507 tu·

264 625 355 692 tibus
378 645 518 711 operam
541 643 639 688 suurn
662 621 867 688 locaverant.
915 621 1002 687 Cum
1027 626 1143 688 autem
1168 619 1258 688 servi
1277 621 1432 708 undique

264 759 308 805 ex
331 736 490 804 subiectis
512 734 610 800 terris
632 733 781 800 Romam
802 733 1017 814 ducerentur,
1038 733 1222 800 utebantur
1234 756 1314 800 sane
1326 735 1434 800 etiam

263 849 515 930 mercennariis
544 869 643 927 „cum
655 847 876 914 conducticiis
887 846 1076 912 liberorum
1088 847 1199 933 operis
1210 865 1263 912 ree
1275 848 1432 929 maiores

262 971 301 1028 ut
347 961 538 1030 vindemias
580 981 618 1026 ac
665 960 847 1041 faenisicia,
884 959 1237 1047 administratre)nt'';
1266 959 1289 1047 ¹)
1325 969 1360 1026 et
1394 962 1434 1026 in

261 1077 432 1164 plerisque
467 1073 627 1162 operibus
661 1072 830 1160 paulatim
864 1072 988 1140 liberos
1023 1093 1185 1158 agrorum
1214 1073 1359 1140 cultores
1383 1075 1434 1140 di-

262 1189 444 1257 mittebant
478 1187 710 1275 coemptisque
746 1187 892 1253 servitiis
927 1186 1120 1268 utebantur,
1153 1209 1196 1252 ne
1220 1188 1377 1272 ingenuis
1401 1190 1431 1253 si

262 1311 447 1384 uterentur,
472 1301 613 1368 miiitiae
637 1322 738 1366 causa
762 1301 799 1366 hi
822 1300 864 1366 ab
889 1323 989 1387 opere
1006 1308 1239 1367 avocarentur.
1265 1302 1290 1388 Β)
1308 1303 1430 1388 Neque

262 1418 373 1484 solum
406 1417 444 1482 in
478 1416 611 1482 rusticis
646 1414 755 1494 retine,
778 1415 837 1479 sed
860 1415 964 1480 etiam
987 1415 1024 1479 in
1045 1414 1184 1496 artibus
1213 1437 1299 1503 quae
1323 1438 1431 1481 manu

260 1537 463 1611 constarent,
498 1529 597 1594 liberi
633 1550 754 1615 operae
790 1549 809 1592 a
838 1528 984 1594 servitiis
1008 1527 1310 1594 submovebantur.
1357 1530 1430 1594 Nec

261 1646 398 1726 mirum,
433 1665 514 1708 oum
547 1640 683 1707 servilia
706 1641 893 1706 ministeria
915 1641 1008 1706 haud
1031 1641 1132 1708 dubie
1157 1642 1265 1708 multo
1289 1643 1431 1708 minoris

261 1757 427 1846 parabilia
469 1762 588 1836 essent,
626 1776 781 1841 quaeque
819 1754 935 1819 usibus
970 1755 1206 1820 Romanorum
1242 1757 1430 1822 necessaria.

261 1879 380 1954 essent,
417 1876 586 1958 quatenus
620 1891 690 1934 non
729 1890 869 1954 peregre
892 1869 1147 1951 inveherentur,
1174 1871 1385 1936 commodius
1408 1893 1429 1935 a

261 1986 406 2054 servitiis
428 1984 549 2052 confici
572 1990 717 2069 possent.
763 1983 876 2047 immo
896 2004 939 2047 ex
962 1983 1115 2063 servitiis,
1130 2005 1216 2070 quae
1230 1983 1429 2050 velnttabes

261 2108 333 2167 erat
356 2098 578 2186 antiquitatis,
602 2096 699 2162 facile
720 2096 884 2181 repetitur
907 2093 1090 2183 praecipua
1106 2119 1216 2178 causa,
1238 2096 1450 2184 curoperes'

261 2214 455 2302 praebendo
478 2212 587 2279 vitam
602 2217 717 2276 tenere
733 2231 857 2295 parum
869 2209 1053 2274 honestum
1065 2211 1254 2276 duceretur.
1278 2211 1305 2298 3)
1328 2212 1428 2290 Quod

261 2329 362 2416 plane
386 2333 528 2393 testatur
550 2325 667 2391 Cicero
691 2323 737 2410 4):
767 2323 1002 2409 ,Opificesque
1028 2345 1149 2390 omnes
1160 2325 1197 2388 in
1210 2326 1345 2392 sordida
1356 2332 1427 2392 arte

261 2447 460 2521 versantur;
495 2460 557 2504 neo
592 2438 685 2504 enim
721 2437 907 2523 quicquam
941 2438 1132 2521 ingenuum
1170 2438 1295 2505 habere
1319 2445 1429 2526 potest

262 2555 429 2623 officina.''
456 2554 479 2640 ὃ)

275 2666 463 2679 ..--.-

297 2703 314 2763 ¹)
339 2702 411 2750 Varro
428 2701 456 2748 R.
474 2700 502 2747 R.
519 2698 539 2756 I,
558 2698 596 2756 17,
615 2698 637 2746 2.

294 2788 432 2852 ¹)Appian.
451 2786 511 2834 l.l.:
533 2783 586 2854 ,(οἱ
615 2779 758 2853 πλούσιοι)
792 2778 879 2838 πεδία
905 2778 1007 2854 μακροὶ
1032 2778 1097 2838 ἀντὶ
1123 2786 1233 2860 χωρίων
1254 2777 1429 2857 ἕγεωργουν,

261 2875 378 2946 ὠνητοῖς
398 2872 427 2944 ές
446 2873 522 2934 αὐτὰ
541 2884 685 2950 γεωργοῖς
705 2873 753 2937 καί
773 2874 893 2950 ποιμέσι
914 2884 1058 2954 χρώμενοι
1069 2882 1121 2935 τοῦ
1131 2876 1174 2951 μὴ
1185 2875 1431 2954 τουςέλευθέρους

258 2969 288 3041 ές
316 2971 372 3041 τδις
398 2975 558 3046 στρατείας
583 2968 645 3030 ἀπὸ
672 2979 728 3040 τῆς
755 2974 904 3044 γεωργίας
933 2979 1093 3044 περισπᾶν,
1123 2973 1263 3052 φερούσης
1289 2976 1354 3050 ἅμα
1383 2979 1431 3038 καί

261 3069 355 3133 τῆσδε
385 3075 440 3137 τῆς
464 3069 598 3137 κτήσεως
618 3064 715 3136 αὐτοῖς
733 3065 811 3126 πολὺ
831 3066 933 3140 κέρδος
955 3063 987 3128 έκ
1009 3068 1204 3138 πολυπαιδίας
1225 3073 1429 3145 θεραπὲντων,

262 3165 416 3235 ἀκινδύνως
436 3161 601 3244 αὐξομένων
619 3161 665 3222 διὰ
687 3161 743 3232 τὰς
763 3160 951 3236 ἀστρατείας.
975 3161 1035 3222 ἀπὸ
1050 3159 1205 3223 δέτουτων
1216 3163 1305 3242 οἱμὲν
1316 3167 1432 3228 δυνατοί

262 3263 396 3338 πάμπαν
426 3257 597 3331 ἐπλούτουν,
629 3258 678 3320 καί
707 3256 743 3316 τὸ
774 3265 832 3317 τῶν
863 3259 1057 3331 θεραπόντων
1077 3259 1163 3333 γένος
1182 3259 1238 3320 ἁνὰ
1257 3261 1311 3326 τὴν
1331 3265 1431 3344 χώραν

262 3356 408 3430 ἐπλήθυε,
439 3353 508 3424 τοὺς
538 3354 564 3414 δ’
596 3353 771 3422 Ἰταλιώτας
791 3350 932 3427 ὀλιγότης
952 3353 1001 3415 καί
1021 3354 1176 3431 δυσανδρία
1197 3360 1427 3435 κατελάμβανε,

264 3451 462 3532 τρυχομένους
492 3453 576 3529 πενίᾳ
607 3467 642 3507 τε
662 3448 711 3510 καί
731 3445 864 3527 ἐσφοραῖς
884 3448 932 3509 καί
952 3454 1129 3523 στρατείαις.
1152 3453 1177 3510 εί
1192 3449 1224 3513 δέ
1244 3455 1293 3516 καί
1312 3460 1428 3536 σχολά-

263 3569 343 3609 σειαν
363 3542 423 3607 ἀπὸ
443 3545 566 3616 τούτων,
589 3541 636 3604 ἐπ’
657 3542 765 3617 ίιργίας
786 3543 962 3614 διετίθεντο,
985 3553 1040 3613 τῆς
1060 3554 1119 3620 γῆς
1139 3547 1195 3607 υπὸ
1216 3557 1274 3608 τὼν
1284 3557 1429 3612 πλουσίων

262 3643 417 3726 ἐχομένης,
437 3640 486 3704 καί
506 3648 649 3715 γεωργοῖς
670 3637 827 3718 χρωμένων
842 3640 1022 3714 θεράπουσιν
1033 3640 1099 3700 ἀντὶ
1112 3641 1300 3720 έλευθέρων.”
1313 3656 1349 3703 Of.
1359 3657 1429 3704 etiam

262 3742 328 3790 Plut.
353 3739 407 3788 Tib.
433 3736 530 3785 Grsooh.
557 3737 580 3793 8,
606 3738 629 3782 4.
664 3734 699 3782 Dc
716 3734 759 3782 hec
777 3750 801 3783 re
819 3735 872 3782 vide
891 3735 967 3799 Marq.
986 3737 1039 3786 StV.
1058 3739 1081 3785 1²
1099 3756 1150 3803 pag.
1170 3741 1430 3809 104;Privn1.²peg.

264 3824 328 3881 187;
346 3822 416 3885 Voigt
433 3820 450 3868 l.
468 3819 485 3867 l.
502 3834 554 3883 pag.
573 3817 621 3865 868
638 3833 701 3881 seqq.

296 3906 317 3967 ³)
347 3904 403 3953 Non
428 3901 496 3951 aliter
521 3899 656 3948 iudicabant
681 3900 771 3958 Graeci,
799 3901 861 3963 quod
887 3901 978 3965 copiose
1003 3904 1069 3952 docet
1094 3905 1225 3966 Drumm,
1251 3910 1357 3960 Arbejter
1382 3913 1431 3960 ,md

264 3987 450 4044 Communisten,
467 4000 519 4049 pag.
538 3982 569 4031 23
587 3999 650 4046 seqq.

297 4074 317 4133 ⁴)
333 4071 369 4119 De
386 4069 434 4117 or.
450 4067 471 4126 1,
489 4067 529 4124 42,
548 4065 604 4114 150.

301 4163 320 4226 ι)
347 4160 383 4209 of,
410 4156 480 4204 etiam
497 4156 568 4204 Dion.
587 4154 628 4212 lx,
646 4153 686 4210 25,
705 4153 735 4200 2:
763 4144 867 4217 ,οὒδενὶ
887 4147 949 4224 γὰρ
968 4147 1035 4230 ἒξην
1059 4151 1208 4231 Ῥωμαίων
1218 4156 1284 4218 οίίτε
1295 4161 1432 4232 κάπηλον
