3274 4998
731 482 784 582 99-

168 695 211 706 -
235 662 274 721 ut
297 663 387 722 recte
403 665 527 730 ,monet
550 658 677 744 Zumpt
694 657 716 744 ¹)
740 697 784 711 -
810 659 863 739 ,in
889 661 1156 744 possessionibus
1170 659 1338 740 collocari,

171 771 251 858 quia
286 772 464 856 Augustus
498 771 703 858 providerat,
739 793 802 836 nec
826 793 911 858 opus
934 779 1006 838 erat
1029 773 1178 860 amplius
1200 793 1341 858 magno·

170 905 248 969 pere
272 872 336 948 nec
360 884 535 951 invenitur
558 885 687 950 facturn
711 905 781 949 esse
806 883 848 949 ab
872 884 942 950 ullo
967 907 1095 968 eorum,
1112 886 1172 973 qui
1185 885 1340 973 proxime

168 997 414 1082 imperarunt.''
440 997 533 1076 Quos
560 997 588 1062 si
611 997 856 1083 praetermitto,
882 1019 992 1063 unum
1017 999 1172 1067 Nervam
1195 999 1340 1085 excipiO,

168 1110 266 1175 cuius
300 1111 405 1175 etiam
439 1111 506 1176 alia
540 1111 576 1175 in
612 1131 780 1196 pauperes
814 1110 1054 1178 benevolentia
1091 1112 1233 1178 consilia
1261 1118 1343 1178 nota

169 1229 258 1288 sunt.
295 1221 320 1310 2)
355 1219 454 1288 Idem
480 1225 570 1308 agris
594 1231 707 1290 vetere
733 1245 827 1290 more
852 1225 1007 1292 emendis
1032 1226 1297 1313 dividendisque
1315 1223 1342 1312 3)

170 1342 329 1421 egentem
363 1336 499 1422 plebem
541 1337 734 1403 consolatus
769 1360 838 1404 esse
870 1339 986 1420 fertur,
1010 1339 1069 1405 ¹de
1105 1361 1174 1425 qua
1207 1361 1243 1405 re
1277 1339 1344 1404 Dio

171 1449 324 1514 Cassius:
361 1459 437 1519 ητοῖς
457 1470 492 1509 τε
513 1451 590 1509 πάνυ
610 1450 713 1520 πένησι
734 1457 793 1509 τῶν
820 1449 971 1526 Ῥωμαίων
991 1449 1020 1520 ἒς
1041 1451 1162 1532 χιλιάδα
1174 1451 1342 1513 aulaeum·

168 1565 270 1630 noctur
301 1561 444 1638 μυριάδας
475 1568 533 1635 γῆς
563 1568 668 1626 κτῆσιν
700 1557 873 1640 ἐχαρίσατο,
905 1559 1079 1634 βουλευταῖς
1100 1583 1159 1620 τισι
1179 1564 1234 1629 τήν
1255 1581 1289 1621 τε
1314 1559 1346 1619 ἁ-

170 1669 315 1741 papauera
334 1662 429 1724 αὐτῶν
449 1665 498 1727 καὶ
518 1663 572 1730 τὴν
593 1663 731 1740 διανομὴν
751 1665 958 1744 προστάξας.”
972 1667 994 1741 ⁴)

216 1885 345 1963 Quodsi
387 1884 584 1970 quaerimus
625 1905 711 1948 num
753 1905 788 1948 re
823 1883 860 1946 in
895 1883 1097 1950 universum
1132 1884 1344 1955 considerata

173 2020 216 2064 ex
250 1997 392 2082 agrariis
435 1996 568 2082 legibus
602 1996 883 2083 coloniarumque
916 1997 1177 2062 deductionibus
1207 2003 1344 2082 egentes

174 2110 324 2176 multum
358 2110 530 2176 commodi
563 2111 690 2195 cepisse
715 2109 911 2195 putandum
934 2110 986 2191 sit,
1013 2111 1040 2175 si
1065 2111 1149 2196 quid
1173 2111 1283 2191 vide0,
1308 2111 1345 2174 id

174 2225 238 2289 erit
269 2224 478 2308 negandum.
525 2223 594 2301 Qui
629 2223 665 2286 in
701 2223 822 2309 primis
846 2245 1040 2308 pauperum
1064 2225 1245 2290 commoda
1272 2229 1344 2288 tue-

116 2344 121 2355 ‘
173 2337 308 2418 bantur,
333 2337 495 2418 Gracchi,
517 2333 650 2416 Rullus,
675 2335 747 2422 ipse
772 2337 877 2401 etiam
907 2336 1038 2418 Caesar,
1064 2359 1184 2402 eorum
1202 2337 1342 2402 consilia
1422 2333 1425 2338 ’
1485 2329 1486 2332 “

180 2451 322 2516 omnino
357 2457 417 2515 aut
457 2471 584 2534 magna
613 2471 657 2514 ex
679 2456 774 2535 parte
798 2472 958 2536 perversa
982 2457 1071 2516 sunt.
1106 2450 1342 2538 Pdhlmann‘)

176 2564 303 2630 multos
336 2571 476 2648 egentes
511 2563 554 2628 ab
588 2563 852 2649 imperatoribus
885 2564 923 2628 in
957 2563 1106 2629 colonias
1130 2565 1249 2629 missos
1272 2586 1342 2630 esse

128 2749 131 2753 ,
176 2677 233 2743 ille
276 2677 418 2764 quidem
442 2676 585 2763 probare
610 2682 762 2757 conatur,
795 2683 830 2742 at
854 2698 940 2764 quac
964 2677 1000 2742 in
1025 2678 1116 2742 hanc
1138 2677 1343 2743 sententiam

176 2791 303 2877 promit
337 2812 432 2856 mera
466 2790 662 2856 coniectura
696 2791 863 2856 nituntur.
911 2791 959 2857 Ut
985 2797 1074 2856 recte
1099 2813 1179 2856 cum
1202 2791 1238 2858 vi
1262 2813 1344 2877 qua-

173 2905 253 2969 dam
287 2910 405 2968 monet
437 2903 623 2988 Ruggiem,
638 2902 664 2989 6)
695 2903 774 2968 belli
802 2904 1019 2990 potissimum
1043 2905 1167 2970 rationi
1191 2904 1342 2970 coloniae

173 3016 386 3098 serviebant;
422 3017 475 3082 sin
509 3017 632 3097 minus,
657 3017 692 3080 in
716 3017 758 3082 iis
781 3017 989 3082 deducendis
1013 3019 1183 3084 veteranis
1206 3017 1281 3083 loca
1303 3040 1342 3083 ac

173 3131 268 3196 sedes
302 3130 521 3217 parabantur.
567 3131 643 3196 Hac
678 3130 752 3216 ipsa
786 3136 903 3196 tamen
939 3153 974 3196 re
1008 3130 1161 3196 coloniae
1196 3151 1341 3214 magnae

173 3244 314 3310 utilitati
347 3250 453 3310 erant.
500 3244 548 3310 Ut
582 3244 740 3309 omittam
763 3244 954 3330 periculum
979 3243 1071 3330 quod
1094 3243 1271 3309 communi
1294 3265 1343 3309 sa-

172 3358 237 3423 luti
259 3364 423 3444 perpetuo
447 3357 588 3422 instaret
610 3379 631 3422 a
653 3357 823 3424 veteranis
845 3357 883 3422 in
906 3357 1033 3422 summi
1055 3357 1193 3443 imperii
1205 3357 1344 3422 domici·

172 3472 217 3538 lio
253 3493 292 3537 ac
326 3465 404 3536 sede
440 3471 647 3557 constipatis,
678 3471 822 3536 istorum
846 3470 1012 3536 desidiosa
1035 3469 1136 3536 turba
1159 3470 1188 3535 si
1211 3470 1344 3536 Romae

179 3641 374 3652 ——a

210 3711 227 3770 ¹)
244 3707 261 3756 l.
280 3707 297 3756 l.
315 3724 367 3772 pag,
385 3707 432 3756 381
451 3723 498 3772 seq.

206 3791 226 3852 ²)
244 3791 280 3840 cf.
298 3791 361 3839 inira
378 3790 455 3855 Caput
468 3791 496 3838 de
513 3789 641 3838 Alimentis
659 3789 771 3855 publicis.

207 3873 227 3934 ἰ
243 3873 308 3923 Plin.
326 3873 371 3938 Ep.
388 3873 442 3931 VII,
460 3873 505 3930 31,
522 3875 544 3920 4.

210 3958 230 4019 ⁴)
247 3957 294 4006 Dio
311 3957 376 4004 Cass.
394 3955 502 4014 LXVIII,
520 3955 544 4014 2,
562 3955 584 4003 1.

212 4041 231 4102 ⁵)
249 4040 266 4089 l.
284 4039 301 4088 l.
319 4055 370 4104 pag.
391 4037 530 4092 let-loo,

210 4125 230 4184 θ)
247 4124 274 4172 in
299 4123 360 4171 Dict.
388 4138 430 4170 suo
447 4121 520 4186 epigr.
539 4137 557 4168 s.
575 4137 598 4169 v.
616 4121 718 4180 colonia,
736 4137 796 4184 quse
813 4121 978 4170 commentatio
995 4121 1066 4170 etiem
1084 4121 1209 4186 separatim
1227 4121 1254 4170 in
1271 4120 1349 4170 lucem

177 4207 272 4275 prodiit
299 4206 341 4269 (Le
365 4203 457 4260 colonie
473 4203 513 4253 dei
528 4204 637 4262 Romani,
655 4203 750 4268 Spolcto
772 4203 856 4264 1897.)

1220 4295 1261 4363 7*
