3226 4998
829 506 871 569 60

271 681 398 770 herbis)
421 703 557 769 quoque
581 683 697 770 aliqua
720 683 784 750 sibi
807 686 900 750 nasci
924 685 1032 751 tribus
1056 690 1184 769 negant
1206 683 1302 749 caule
1319 684 1356 748 in
1369 689 1442 749 tan·

272 802 348 861 tum
370 797 524 880 saginato
550 799 1157 884 utpauperismensanon
1181 797 1388 883 capiat?''
1415 796 1441 882 ¹)

270 909 466 975 thlmann
478 909 504 997 ²)
527 917 644 976 tamen
656 918 744 976 recte
759 933 897 977 monere
910 913 947 977 in
959 913 1026 977 illis
1049 911 1161 978 verbis
1175 911 1317 975 minime
1330 911 1439 976 inesse

271 1023 363 1110 quod
390 1023 583 1089 Rodbortus
606 1025 685 1089 inde
710 1047 828 1110 cogere
853 1033 1005 1106 conatur,
1030 1026 1164 1111 cuique,
1190 1025 1320 1109 opinor,
1347 1030 1440 1110 pate-

270 1135 320 1201 bit
355 1137 415 1223 qui
448 1136 587 1203 alterius
621 1138 742 1204 saltem
776 1139 842 1205 loci
876 1146 1077 1205 contextum
1099 1138 1228 1222 legerit.
1267 1137 1440 1202 Laudatis

271 1249 384 1315 verbis
424 1251 509 1316 haec
544 1253 772 1318 antecedunt:
801 1253 1017 1332 ,Ferendum
1040 1275 1119 1317 sane
1143 1252 1245 1316 fuerit
1268 1251 1439 1336 exquisita

271 1364 365 1428 nasci
401 1385 514 1450 poma,
550 1365 617 1430 alia
653 1388 781 1452 sapore,
818 1366 881 1432 alia
912 1366 1160 1450 magnitudine,
1185 1363 1252 1430 alia
1276 1371 1437 1444 monstr0,

271 1475 480 1562 pauperibus
502 1478 692 1559 interdicta,
717 1480 901 1545 inveterari
924 1481 1006 1546 vina
1030 1480 1200 1565 saccisque
1214 1478 1361 1558 castrari,
1376 1499 1438 1542 nec

271 1590 434 1676 cuiquam
471 1591 555 1656 adeo
589 1591 730 1676 longam
764 1615 834 1659 esse
869 1594 977 1659 vitam
1011 1598 1049 1657 ut
1072 1613 1142 1657 non
1165 1597 1243 1656 ante
1267 1613 1301 1656 se
1325 1592 1441 1676 genita

271 1709 373 1788 potet,
399 1725 416 1768 e
437 1704 592 1788 frugibus
616 1726 753 1792 quoquo
778 1707 952 1792 quendam
974 1705 1122 1770 halitum
1145 1704 1209 1770 sibi
1232 1706 1439 1790 excogitasse

271 1815 457 1897 luxuriam,
485 1838 523 1882 ac
551 1819 703 1884 medulla
724 1827 859 1884 tantum
886 1819 1201 1905 earum'superque
1218 1819 1440 1904 pistrinarum

272 1928 430 2016 operibus
454 1937 487 1996 et
510 1931 690 1998 caelaturis
714 1933 840 2012 vivere,
866 1932 932 1998 alio
952 1954 1039 2018 pane
1053 1953 1242 2019 procerum,
1256 1931 1322 1997 alio
1335 1931 1437 2016 volgi,

271 2049 321 2108 tot
343 2043 525 2128 generibus
548 2067 656 2131 usquc
681 2046 724 2111 ad
736 2047 893 2111 infimum
906 2045 1042 2132 plebem
1054 2045 1278 2111 descendente
1291 2067 1437 2111 annona.

271 2157 418 2222 etiamne
441 2158 478 2222 in
501 2157 616 2223 herbis
639 2159 1026 2224 discrimen‘inventum
1050 2165 1108 2239 est,
1122 2179 1269 2244 opesque
1283 2158 1439 2224 differen-

272 2271 357 2334 tiam
379 2272 487 2336 fecere
511 2273 548 2335 in
571 2271 646 2337 cibo
671 2273 775 2338 etiam
799 2294 867 2338 uno
892 2295 962 2338 asse
988 2272 1146 2338 venali?”
1172 2273 1226 2336 Ex
1250 2273 1303 2336 his
1326 2271 1438 2338 verbis

271 2384 433 2470 omnique
477 2392 639 2451 contextu
662 2387 824 2451 discimus
846 2387 1083 2452 Romanorum
1107 2386 1246 2451 Croesos
1269 2385 1439 2450 alimentis

271 2497 471 2582 vulgaribus
494 2499 614 2584 spretis
638 2499 785 2564 sollertia
809 2500 959 2585 quadam
971 2499 1127 2564 luxuriae
1140 2499 1439 2582 generosissimum

271 2633 310 2677 ac
335 2612 547 2676 rarissimum
572 2612 723 2698 quidque
749 2614 947 2699 captavisse.
994 2613 1091 2678 Talia
1114 2611 1321 2698 pauperibus
1337 2613 1438 2678 fuisse

272 2725 438 2809 denegata
474 2747 535 2812 per
569 2748 602 2791 se
638 2726 857 2810 intellegitur.
905 2728 951 2792 At
979 2734 1114 2791 tantum
1136 2726 1252 2792 aberat
1275 2732 1313 2789 ut
1336 2725 1440 2790 ctiam

272 2838 428 2922 vulgaria
457 2861 583 2922 genera
607 2861 726 2925 parare
750 2862 820 2906 non
843 2847 989 2926 possent,
1014 2847 1052 2905 ut
1075 2841 1145 2926 ipse
1169 2839 1302 2904 Plinius
1324 2838 1441 2924 loqua-

271 2957 327 3015 tur
350 2952 391 3017 de
419 2951 513 3031 „cibo
536 2943 606 3018 uno
629 2975 700 3018 asse
724 2953 870 3020 venali.''
918 2955 1078 3020 Ceterum
1101 2953 1262 3039 equidem
1287 2951 1440 3016 Plinium

271 3065 385 3130 minus
419 3067 458 3130 de
500 3066 578 3131 solis
613 3067 791 3151 egentibus
825 3089 924 3152 agere
948 3068 1058 3148 credo,
1084 3089 1189 3152 quam
1212 3066 1253 3131 de
1281 3065 1441 3132 universa

274 3178 371 3264 plebe
395 3180 450 3244 cui
474 3187 696 3266 opponuntur
718 3179 942 3266 locupletium
964 3181 1129 3246 lautitiae.
1153 3179 1180 3266 δ1

315 3293 385 3358 Nec
409 3294 518 3378 magis
541 3295 628 3358 mihi
651 3295 838 3380 persuadeo
862 3295 926 3360 hac
945 3295 1086 3380 quidem
1098 3295 1134 3358 in
1146 3317 1181 3359 re
1194 3293 1439 3380 pauperiorum

271 3412 396 3470 sortem
430 3407 560 3471 Romae
584 3405 683 3473 valde
709 3408 809 3472 fuisse
834 3409 999 3494 iniquam,
1021 3408 1149 3492 legenti
1172 3431 1211 3472 oa
1236 3429 1322 3494 quae
1347 3406 1439 3470 Frie-

275 3518 417 3583 dlander
452 3518 567 3584 scribit
603 3519 644 3584 de
680 3520 881 3586 inferiorum
916 3522 1076 3586 ordinum
1099 3521 1242 3586 cibariis.
1263 3522 1289 3608 4)
1313 3519 1436 3600 Fabae,

307 3729 324 3791 ¹)
342 3730 403 3779 Ibid.
422 3731 485 3789 XIX,
506 3735 529 3790 4,
549 3735 587 3782 54.

305 3813 324 3872 2)
341 3799 469 3861 llbervblk.
487 3831 538 3878 pag.
557 3816 597 3868 70.

304 3894 323 3948 ³)
341 3895 376 3942 De
401 3896 444 3943 hac
470 3913 494 3944 re
517 3899 633 3962 copiosius
651 3904 743 3948 acturus
762 3918 822 3958 sum,
840 3901 880 3948 ubi
899 3901 974 3948 dicam
992 3901 1020 3947 de
1039 3916 1082 3947 usu
1100 3897 1207 3946 vocabuli
1225 3915 1247 3961 q.
1266 3915 1284 3944 e.
1304 3897 1384 3944 tribur.
1404 3896 1440 3943 Os.

270 3977 337 4024 Libri
355 3978 379 4024 11
398 3979 474 4041 Caput
490 3981 518 4027 de
536 3981 598 4030 Cura
614 3999 720 4030 annonae
737 3988 759 4031 et
776 3985 804 4030 de
821 3983 1058 4032 Frumentstionibus.
1350 4032 1355 4039 ,

304 4062 322 4119 ⁴)
340 4060 500 4109 Friedliinderi
527 4064 596 4112 verba
622 4066 677 4112 haec
703 4071 759 4114 sunt
785 4067 945 4128 (Sittengesch.
964 4067 1035 4113 Roms
1059 4066 1081 4112 11
1099 4081 1150 4128 pag.
1170 4066 1243 4122 295):
1264 4065 1366 4126 „Aussor
1382 4063 1440 4109 Brut

270 4157 318 4188 war
335 4142 372 4189 die
390 4143 524 4206 Hauptlrcst
541 4147 581 4193 dor
598 4152 681 4195 unteru
700 4148 797 4195 Klasscn
817 4149 922 4206 Gerniiso,
941 4148 1085 4196 nomentlich
1099 4148 1195 4194 Bohnen
1215 4148 1262 4193 und
1274 4147 1354 4193 lliibcn
1365 4145 1440 4204 ibride

272 4225 436 4289 „Mittagesseu
456 4228 497 4276 dcr
515 4229 705 4291 Haudusrlrer'⁷),
724 4232 818 4288 Linscn,
837 4232 960 4289 Zu'iebeln,
981 4232 1126 4288 llnobluuclr,
1144 4231 1233 4277 Erbsen
1252 4230 1438 4290 (anilcnenman
