3296 5008
819 475 884 542 276

308 653 497 739 Pergamus
522 654 593 721 iam
616 653 660 721 ad
682 653 773 722 locos
797 653 980 722 nonnullos
1000 655 1091 723 inter
1113 653 1250 736 multos„
1275 653 1335 720 ubi
1360 653 1433 721 cui·

265 789 373 854 usque
409 769 528 835 aetatis
551 746 730 856 scriptores
757 770 1036 856 „paupertatem”
1062 768 1229 836 eiusmodi
1254 790 1355 836 sensu
1380 768 1433 834 in·

266 880 434 949 tellexisse
467 889 620 970 apparet.

309 995 421 1062 Plaut.
444 995 545 1084 Epid.
569 996 614 1077 ΙΙ,
641 998 671 1076 1,
697 997 717 1062 2
741 1017 856 1082 seqq.:

580 1109 691 1190 „Quid
715 1117 773 1189 est,
799 1110 889 1196 quod
914 1110 1116 1198 pudendum
1140 1110 1202 1176 siet

355 1224 488 1290 Genera
512 1229 628 1290 natam
654 1223 744 1289 bono
768 1245 954 1311 pauperem
980 1204 1124 1289 domum

400 1338 532 1404 Ducere
556 1343 589 1404 te
614 1358 758 1403 uxorem
772 1337 808 1402 l''

314 1451 384 1517 Cio.
412 1451 510 1517 Tusa.
535 1451 578 1532 V,
604 1451 657 1532 35,
684 1451 769 1518 102:

359 1564 459 1644 „Dies
494 1564 639 1646 deficiat„
679 1565 706 1630 si
741 1564 846 1631 velim
882 1564 1092 1652 paupertatis
1114 1585 1254 1630 causam
1277 1563 1393 1630 defen·

311 1677 401 1745 dere.
446 1678 576 1764 Aperta
599 1678 692 1745 enim
717 1700 769 1745 ros
794 1685 853 1760 est„
878 1685 912 1744 et
934 1677 1057 1745 cotidie
1082 1697 1144 1744 nos
1170 1677 1245 1764 ipsa
1269 1682 1392 1742 natura

311 1791 482 1870 admouet,
507 1813 613 1878 quam
635 1788 763 1879 paucis,
789 1815 895 1880 quam
918 1792 1033 1879 parvis
1052 1791 1272 1876 rebusegeat„
1287 1812 1392 1878 quam

179 1949 181 1952 -
311 1903 469 1971 vilibus.”

312 2018 412 2086 Ovid.
437 2019 576 2086 Metam.
601 2019 666 2100 ΠΙ,
690 2019 755 2085 586
779 2041 871 2106 seq.:

358 2133 513 2220 „Pauper
536 2138 570 2200 et
592 2133 663 2220 ipse
691 2133 757 2199 fuit
778 2133 919 2220 linoque
943 2132 1072 2199 solebat
1091 2138 1125 2200 st
1148 2132 1260 2198 hamis

357 2246 522 2334 Decipere
546 2253 580 2313 et
602 2246 734 2314 calamo
758 2245 915 2313 salientes
938 2247 1061 2312 ducere
1088 2246 1228 2334 pisces.’'

313 2359 401 2426 Ibid.
425 2360 524 2441 XIII„
549 2361 636 2427 824:

362 2473 546 2561 „Pauperis
569 2481 619 2541 est
643 2495 824 2540 numerare
849 2474 986 2562 pecus.''

269 2586 476 2675 Polyphemi
508 2587 614 2656 verba
640 2594 729 2670 sunt„
754 2587 927 2671 Galateae,
955 2610 1060 2676 quam
1084 2586 1278 2668 adamabat,
1295 2583 1440 2673 'persua-

270 2700 350 2768 dere
384 2701 552 2768 studentis
586 2724 620 2769 se
656 2702 900 2769 divitissimum
924 2723 1004 2783 esse,
1029 2701 1114 2768 adeo
1140 2707 1179 2767 ut
1202 2721 1306 2788 pecus
1336 2719 1439 2765 suum

271 2837 453 2883 numerare
477 2831 547 2882 non
571 2823 684 2904 queat.

316 2929 401 2996 Hor.
425 2929 533 2996 Serm.
557 2930 585 3012 Ι,
609 2931 640 3012 6,
665 2929 706 2996 71
732 2951 824 3016 seq.:

364 3042 494 3124 „Causa
517 3043 583 3110 fuit
605 3049 702 3131 pater
724 3043 788 3125 his„
813 3044 873 3131 qui
897 3064 1011 3110 macro
1035 3064 1166 3130 pauper
1189 3041 1299 3127 agello

362 3156 482 3224 Noluit
504 3157 541 3222 in
564 3157 665 3224 Flaui
687 3157 810 3223 ludum
834 3178 889 3222 me
912 3156 1081 3222 mittere.'’

273 3269 434 3337 Horatius
455 3271 497 3337 de
521 3271 630 3337 nimia
652 3271 827 3358 patrissui
844 3267 1441 3358 parcimoniaoonqueritur„quippe

274 3384 335 3472 qui
369 3405 494 3472 parum
527 3384 589 3450 filii
624 3385 816 3451 studiorum
848 3405 967 3451 curam
1000 3382 1183 3461 habuisset,
1207 3403 1288 3449 cum
1311 3401 1443 3470 pauper

275 3498 416 3586 quidem
439 3504 535 3577 esset,
560 3520 682 3566 verum
706 3497 808 3584 agelli
832 3519 1012 3585 possessor.

319 3612 372 3679 Id.
403 3613 468 3700 Ep.
502 3611 548 3694 ΙΙ,
586 3613 616 3694 2,
654 3613 718 3678 12:

368 3725 456 3809 „Res
483 3733 584 3812 urget
605 3748 661 3792 me
685 3725 801 3792 nulla:
826 3747 904 3792 meo
928 3746 1004 3792 sum
1028 3746 1160 3812 pauper
1182 3724 1219 3790 in
1244 3723 1352 3791 aere.’'

276 3841 377 3922 Quod
412 3840 582 3927 significat
617 3842 741 3920 virum,
777 3862 882 3927 quem
916 3839 1116 3926 loquentem
1152 3838 1294 3916 inducit,
1322 3836 1446 3903 debitis

277 4055 370 4104 Noniae
398 4071 417 4106 a.
443 4071 466 4106 v.
489 4056 623 4122 Paupertas
639 4060 700 4120 (pag.
719 4057 751 4105 60
769 4057 812 4106 ul.
830 4056 887 4106 Luc.
907 4054 996 4102 Miiller
1014 4074 1046 4098 =
1063 4070 1115 4119 pag.
1140 4053 1172 4101 43
1186 4052 1242 4101 alit.
1261 4051 1446 4111 Mamaeae:

278 4137 441 4202 „Plurima
465 4139 528 4187 dicta
550 4143 584 4188 est
600 4155 614 4187 a
628 4140 729 4203 pecunia
745 4155 823 4204 parva.
859 4138 932 4187 Varro
950 4139 978 4186 de
996 4138 1044 4186 rita
1061 4135 1144 4202 populi
1162 4135 1262 4184 Romani
1281 4134 1325 4184 lib.
1343 4135 1370 4182 I:
1390 4149 1447 4198 „pe-

274 4219 395 4284 cuniaque
419 4223 468 4269 erat
485 4237 572 4285 parva:
590 4220 619 4270 ab
637 4238 664 4270 eo
681 4227 805 4288 paupertas
822 4221 909 4272 dieta.''
