3296 5008
791 525 856 591 278

328 704 426 772 Haeo
448 703 508 772 alii
530 704 682 791 cupiant,
705 703 806 770 lioeat
829 703 915 770 mihi
938 725 1088 791 paupere
1112 703 1209 770 oultu

372 817 499 885 Securo
522 839 601 885 oara
623 817 768 903 coniuge
793 839 888 904 posse
912 817 1014 884 frui.”

241 929 399 997 Tibullus
433 931 581 1016 equestri
614 930 745 996 familia
778 938 881 1013 ortus,
915 930 995 997 licet
1017 930 1224 998 triumvirali
1247 952 1410 1016 agrorum

242 1044 409 1111 divisione
432 1045 598 1112 maiorem
621 1051 754 1130 partem
778 1045 976 1132 patrimonii
999 1045 1175 1126 amisisset,
1192 1051 1308 1112 tamen
1328 1045 1411 1111 satis

242 1158 440 1240 retinuerat,
463 1157 556 1224 unde
580 1157 679 1224 faoile
702 1157 844 1224 viveret.

286 1271 404 1338 Seneo.
427 1272 491 1359 Ep.
516 1272 602 1340 Mor.
624 1271 652 1348 1,
677 1293 731 1359 ep.
755 1273 785 1353 2,
810 1272 896 1353 5‚6:

333 1385 605 1466 „Honesta
639 1385 754 1472 inquit
787 1386 994 1473 (Epicurus),
1029 1407 1103 1452 res
1132 1392 1206 1452 est
1229 1385 1365 1451 laeta

286 1505 587 1586 paupertas.¹‘
634 1498 700 1565 Illa
735 1521 816 1566 vero
839 1522 909 1566 non
933 1506 983 1566 est
1006 1505 1198 1587 paupertas,
1223 1500 1251 1565 ei
1273 1499 1385 1566 laeta.

286 1620 346 1679 est.
370 1634 441 1679 non
465 1614 525 1701 qui
548 1635 672 1700 parum
695 1613 809 1694 habet,
836 1613 895 1680 sed
919 1613 979 1700 qui
1002 1614 1080 1700 plns
1102 1613 1206 1699 eupit,
1232 1635 1363 1700 pauper
1419 1603 1424 1613 ¹

286 1727 368 1793 est.''
395 1725 421 1812 ¹)

239 1840 417 1926 Significat
449 1861 523 1906 rem
545 1839 671 1906 laetam
695 1840 790 1907 nullo
814 1847 913 1928 paeto
936 1841 972 1906 id
999 1861 1069 1906 esse
1093 1861 1201 1926 posse,
1228 1839 1320 1924 quod
1345 1861 1405 1927 per

243 1954 520 2042 „paupertatem”
545 1954 716 2039 designari
740 1955 854 2036 soleat,
880 1976 953 2021 rem
977 1953 1105 2020 scilieet
1128 1954 1406 2038 ingratissimam.

283 2067 371 2134 Ibid.
394 2067 441 2148 II,
465 2088 518 2154 ep.
545 2068 565 2132 5
589 2068 669 2154 (17),
694 2068 736 2134 5:

330 2181 386 2262 ,si
420 2181 471 2248 vis
506 2202 626 2249 vacare
661 2181 788 2262 animo,
823 2189 883 2247 aut
917 2203 1047 2270 pauper
1076 2181 1121 2247 sis
1145 2185 1278 2267 oportet
1303 2186 1363 2246 aut

285 2295 429 2382 pauperi
452 2294 604 2360 similis.'’

284 2407 373 2475 Ibid.
395 2408 495 2490 XIII,
519 2430 572 2495 ep.
598 2411 617 2475 2
641 2410 722 2496 (87),
747 2410 811 2476 40:

220 2573 221 2576 η
330 2523 428 2603 ,Non
474 2523 583 2605 video,
623 2524 705 2611 quid
741 2522 834 2589 aliud
869 2523 912 2588 sit
946 2528 1223 2610 paupertas
1257 2543 1363 2608 quam

283 2637 427 2724 parvi
461 2637 747 2723 possessio.”

283 2750 384 2817 Mart.
406 2751 452 2829 II,
477 2751 529 2831 90,
554 2753 597 2817 3:
1296 2824 1300 2834 Ι

329 2865 475 2945 „Vivere
499 2863 592 2950 quod
614 2885 760 2952 propero
783 2887 914 2952 pauper
938 2885 1001 2930 neo
1023 2862 1155 2929 inutilis
1179 2855 1287 2944 annis,

328 2978 382 3044 Da
406 2977 576 3044 veniam.''

239 3091 345 3158 Poeta
373 3112 561 3179 pauperem
594 3113 629 3158 se
664 3097 852 3179 nuncupat,
887 3113 969 3158 oum
1002 3097 1119 3157 tamen
1143 3111 1292 3178 parvum
1312 3110 1409 3176 prae·

240 3204 337 3271 dium
360 3204 556 3292 possideret.
581 3203 607 3292 ³)

283 3318 371 3386 Ibid.
395 3319 458 3400 XI,
484 3320 547 3386 32:
870 3400 872 3404 Ι

226 3422 229 3432 ’
331 3433 421 3514 „Neo
444 3439 524 3518 toga
547 3454 610 3499 neo
632 3433 728 3500 focus
750 3439 801 3500 est
824 3455 886 3501 neo
909 3433 1010 3500 tritus
1033 3422 1155 3499 cimice
1178 3431 1286 3499 lectus

370 3547 442 3613 Neo
465 3546 529 3613 tibi
552 3546 594 3613 de
617 3546 737 3614 bibula
759 3553 849 3613 sarta
868 3546 993 3634 palude
1017 3553 1120 3632 teges,

326 3661 397 3728 Neo
418 3682 505 3748 puer
527 3666 587 3726 aut
609 3661 730 3742 senior,
755 3660 851 3727 nulla
874 3668 924 3727 est
948 3660 1073 3727 aneilla
1097 3681 1160 3727 nec
1182 3661 1309 3741 insane,

371 3775 442 3842 Neo
466 3797 540 3842 sera
566 3796 629 3841 nec
652 3774 758 3843 clavis
781 3796 844 3841 nec
867 3774 962 3840 oanis
985 3780 1088 3861 atque
1113 3773 1214 3840 calix.

326 3889 379 3955 Tu
404 3896 519 3956 tamen
543 3888 691 3968 affectas,
715 3889 847 3969 Nestor,
870 3888 938 3955 diei
962 3894 1066 3976 atque
1090 3887 1200 3955 videri

371 4003 517 4090 Pauper,
541 4009 576 4069 et
597 4003 634 4068 in
659 4002 787 4090 populo
811 4002 947 4089 quaeris
970 4001 1096 4068 habere
1119 4000 1245 4068 locum.

273 4200 292 4260 1)
326 4197 362 4247 Gi.
381 4197 431 4248 cie.
449 4197 531 4246 Parad.
550 4197 573 4257 θ,
590 4199 630 4245 45.

271 4282 301 4348 ²)·
325 4281 361 4331 Oi.
379 4280 467 4330 Friedl.
486 4280 512 4328 in
530 4281 648 4330 Martialis
665 4281 777 4331 editionis
793 4282 945 4347 praefatione,
962 4295 1014 4346 pag.
1032 4282 1055 4330 5.
