3274 4998
847 499 910 564 106

288 669 377 736 vires
399 670 596 739 subiciendo
619 674 730 761 ipsam
752 675 865 762 legem
888 676 1049 763 expleret,
1074 697 1143 763 qua
1165 679 1298 741 creatus
1320 677 1416 738 esset.
1431 669 1456 758 ι)

288 783 431 851 Calvino
467 793 505 851 ut
535 787 572 852 in
595 787 670 854 aliis
693 789 794 855 rebus
817 791 934 856 multis
956 791 1004 856 ita
1026 791 1063 855 in
1085 791 1149 855 isto
1172 810 1308 876 quoque
1332 808 1456 872 genere

287 897 431 963 debetur
463 899 538 966 laus
575 903 667 988 quod
701 904 848 970 rationes
872 905 982 970 aerius
1005 904 1178 991 perspexit
1200 909 1234 968 et
1256 908 1374 968 contra
1397 901 1455 966 tri-

287 1017 363 1076 tum
396 1012 481 1078 illud
513 1015 644 1081 mediae
675 1016 794 1104 (quam
817 1017 949 1105 dicunt)
972 1018 1091 1084 aetatis
1113 1038 1265 1083 commas
1285 1037 1456 1080 nummum

286 1147 351 1190 coa
371 1129 461 1212 perit
483 1126 510 1214 2)
533 1130 716 1214 pecuniam
738 1138 828 1196 recte
853 1132 989 1197 faenore
1013 1131 1172 1217 occupari
1196 1129 1357 1194 defendit.
1381 1127 1409 1214 8)

331 1238 495 1306 Attamen
528 1243 718 1308 tenendum
752 1245 947 1310 societatem
977 1245 1114 1311 civilem
1137 1243 1326 1330 antiquitus
1352 1241 1454 1326 longe

287 1352 385 1418 aliter
419 1354 520 1420 fuisse
544 1357 793 1423 conformatam
815 1365 918 1444 atque
941 1358 1077 1425 Calvini
1100 1357 1155 1424 vel
1179 1357 1302 1422 nostris
1325 1361 1455 1441 tempo-

287 1466 390 1533 ribus.
436 1468 620 1556 Multiplex
643 1492 825 1556 operarum
849 1473 1003 1556 variatae,
1028 1472 1244 1537 officinarum
1267 1490 1370 1555 opera
1392 1469 1455 1533 im-

287 1582 413 1647 mensis
435 1582 561 1648 finibus
584 1584 761 1670 descripta,
786 1585 904 1651 crebra
926 1585 1065 1652 vincula
1087 1584 1251 1664 exsoluta,
1277 1604 1364 1670 quae
1377 1604 1455 1668 ope-

286 1716 361 1760 ram
390 1697 563 1763 astrictam
587 1698 749 1764 tenebant
773 1738 815 1747 —
838 1699 873 1764 in
898 1699 952 1764 his
974 1699 1143 1786 imprimis
1166 1697 1388 1783 cogitandum
1411 1696 1453 1760 de

286 1809 447 1874 servitute
483 1809 617 1876 sublata
651 1850 704 1892 —,
741 1813 835 1893 fides
874 1813 1034 1899 quamvis
1068 1834 1138 1877 non
1172 1833 1309 1898 prorsus
1335 1810 1454 1894 ignota

285 1922 444 2008 antiquis,
469 1945 562 1990 nunc
585 1925 623 1990 in
647 1925 793 1992 sublime
809 1927 986 2012 fastigium
1004 1927 1101 2006 elata,
1116 1947 1242 2010 magna
1254 1924 1454 2010 competito-

285 2057 365 2101 rum
387 2037 580 2120 aemulatio,
606 2041 720 2106 nescio
734 2062 820 2127 quae
835 2041 911 2122 alia,
925 2041 1074 2106 nimium
1087 2045 1255 2127 quantum
1269 2037 1453 2104 valuerunt

286 2150 331 2215 ad
364 2151 480 2216 omnia
516 2153 686 2220 novanda.
735 2154 836 2232 Quod
874 2155 967 2220 idem
1001 2154 1042 2219 de
1065 2153 1292 2240 pecuniarum
1319 2151 1450 2216 ratione

286 2264 492 2330 dicendum:
529 2266 614 2332 haec
649 2267 724 2353 ipsa
747 2268 817 2333 iam
840 2268 975 2354 pridem
998 2289 1135 2353 prorsus
1158 2272 1208 2332 est
1230 2270 1450 2331 commutata.

332 2378 464 2444 Divites
497 2380 557 2466 qui
585 2402 677 2445 nunc
701 2387 782 2446 sunt
804 2403 881 2446 suas
904 2381 1018 2467 copias
1041 2381 1078 2444 in
1101 2381 1212 2445 omnis
1235 2378 1370 2464 generis
1393 2399 1453 2464 pu-

287 2489 392 2557 blicas
430 2493 648 2580 privatasque
682 2495 829 2560 rationes
862 2496 1050 2573 conferunt,
1086 2501 1124 2559 ut
1158 2500 1249 2559 certa
1284 2492 1454 2579 quaedam

287 2627 365 2692 pars
404 2605 490 2671 lucri
526 2608 569 2672 ad
592 2608 682 2694 ipsos
707 2609 884 2674 redundet.
921 2609 1071 2674 Pecunia
1089 2609 1216 2674 eredita
1239 2608 1312 2694 ipsa
1336 2628 1369 2671 se
1382 2627 1453 2670 non

321 2811 339 2870 ¹)
356 2813 437 2860 Genea.
455 2814 475 2868 I,
494 2813 533 2861 28.

319 2895 338 2954 2)
355 2896 391 2943 De
407 2895 497 2944 mediae
514 2912 569 2944 vero
585 2897 668 2944 aetatis
684 2897 775 2945 ratione
792 2898 821 2946 cf.
839 2914 891 2961 pag.
911 2897 957 2948 107
975 2898 1028 2945 adn.
1048 2897 1070 2944 2.

318 2979 339 3038 3)
357 2979 444 3026 Iocum
461 2995 508 3042 quo
525 2979 640 3028 Calvinus
654 2981 777 3043 praecipue
794 2981 888 3044 scripsit
906 2981 991 3028 dehac
1009 2997 1033 3028 re
1044 2980 1151 3028 invenias
1160 2979 1184 3026 in
1195 2978 1296 3027 editione
1305 2993 1376 3040 quarn
1386 2992 1454 3024 cura·

284 3065 370 3110 verunt
388 3063 463 3110 Baum
481 3063 566 3111 Cunitz
581 3064 655 3111 Reuss
665 3063 717 3110 Vol.
727 3064 755 3121 X,
767 3065 778 3112 l
791 3064 831 3111 ubi
842 3064 866 3111 in
876 3063 1058 3127 Quaestionibus
1067 3063 1179 3110 Iuridicis
1188 3077 1258 3125 agens
1266 3061 1302 3107 De
1310 3060 1390 3107 usuris
1398 3059 1455 3106 haee

284 3145 345 3193 dicit
362 3149 422 3209 (pag.
434 3145 506 3203 llll<
526 3146 575 3210 „lia
592 3146 670 3194 raison
687 3147 715 3194 de
733 3147 808 3195 sainct
826 3147 955 3210 Ambroyse
973 3146 1075 3210 laquelle
1098 3146 1160 3193 aussi
1182 3145 1280 3206 pretend
1289 3143 1455 3205 Chrysostome

284 3232 319 3276 est
335 3233 389 3293 trop
407 3229 503 3277 lrivollc
517 3247 531 3277 a
542 3246 597 3278 mon
607 3231 739 3292 iugament:
750 3231 854 3278 ascavoir
863 3247 908 3293 que
917 3230 1010 3292 largent
1018 3229 1151 3292 pengendre
1160 3228 1228 3291 point
1237 3227 1336 3289 largent.
1355 3227 1388 3273 La
1398 3241 1455 3282 mer,

285 3327 347 3374 quoy
357 3311 369 3357 l
386 3311 409 3359 la
427 3316 493 3367 terre,
503 3328 565 3375 quoy
575 3313 586 3360 Ρ
602 3313 627 3360 le
643 3313 717 3360 reeois
727 3314 823 3375 pensiori
834 3314 865 3360 du
876 3313 958 3375 louage
967 3314 995 3360 de
1004 3313 1102 3360 maison.
1120 3313 1163 3359 nst
1180 3327 1205 3357 re
1215 3325 1300 3372 pource
1308 3325 1354 3372 que
1363 3307 1456 3370 largent

286 3410 302 3457 y
319 3394 411 3442 croistl
429 3394 492 3442 Mais
509 3395 566 3443 elles
583 3397 707 3459 procedent
725 3396 764 3444 des
787 3397 883 3460 champs
900 3397 946 3445 dou
964 3396 1055 3459 largent
1072 3411 1096 3442 se
1116 3395 1178 3442 faict.
1201 3395 1234 3441 La
1243 3392 1384 3440 commodite
1392 3392 1455 3439 aussi

287 3473 327 3525 des
352 3477 456 3525 maisons
482 3494 506 3525 se
532 3483 598 3542 peusl
623 3480 755 3543 raschepfer
780 3497 822 3544 par
847 3497 943 3543 pceune.
962 3479 994 3528 Et
1010 3480 1093 3543 quoy?
1110 3478 1220 3541 L'argent
1237 3478 1288 3524 nest
1306 3474 1325 3522 il
1343 3491 1384 3539 pas
1401 3474 1456 3537 plus

286 3561 410 3608 fructueux
427 3577 451 3608 es
468 3561 648 3618 marchandises,
666 3579 711 3625 que
728 3562 839 3610 aulcunes
857 3563 998 3626 possessivus
1031 3578 1094 3626 quon
1112 3560 1219 3624 pourroit
1235 3559 1306 3608 urar
1324 3593 1455 3605 ......

288 3644 368 3691 Certes
393 3643 414 3690 ie
440 3644 542 3692 confesse
568 3661 593 3691 ee
619 3662 664 3708 que
681 3645 715 3693 les
731 3647 812 3694 enfans
830 3650 922 3710 repent,
940 3646 1044 3694 ascavoir
1059 3662 1103 3708 que
1121 3645 1140 3692 si
1160 3659 1217 3692 vous
1234 3643 1348 3690 cnsermes
1365 3640 1457 3703 largent

287 3743 317 3775 au
342 3728 411 3774 eoffrc
438 3727 457 3774 il
482 3743 532 3775 sera
554 3727 641 3776 sterile.
675 3729 707 3776 Et
731 3745 800 3793 aussy
817 3730 861 3777 nul
878 3732 1017 3794 nampronte
1034 3729 1063 3777 de
1080 3744 1141 3776 nous
1157 3745 1170 3775 a
1187 3729 1247 3775 ceste
1264 3724 1385 3773 condition
1402 3724 1456 3771 affin

287 3809 340 3873 quil
365 3810 487 3874 supprime
512 3810 604 3874 largent
629 3827 715 3876 oyseux
732 3815 755 3860 et
772 3828 825 3860 sans
842 3813 865 3860 le
882 3814 940 3861 faire
957 3813 1068 3876 proffiter.
1103 3812 1212 3874 Parquoy
1230 3809 1252 3857 le
1270 3808 1329 3856 fruit
1346 3811 1399 3855 nest
1417 3822 1457 3870 pas

289 3892 317 3939 de
342 3891 433 3955 largent
458 3893 517 3941 mais
542 3894 574 3941 du
592 3894 704 3942 revenu.'’
739 3895 764 3942 Si
782 3896 858 3943 mavis
877 3897 1007 3943 versionem
1034 3894 1150 3949 latinam,
1172 3892 1294 3941 invenitur
1311 3891 1338 3938 in
1355 3890 1457 3937 editione

288 3973 412 4038 Schipperi
430 3977 514 4035 (Amst.
535 3976 615 4035 1667),
632 3976 677 4024 Vol
702 3978 744 4033 lll,
762 3978 838 4042 Epist.
857 3983 880 4027 et
897 3979 1010 4042 Respons.
1027 3995 1079 4040 pag.
1098 3977 1146 4024 223
1162 3993 1207 4038 seq.
1217 3975 1254 4023 De
1263 3973 1359 4021 Calvini
1369 3973 1457 4020 iudicio

289 4057 317 4104 el.
343 4057 415 4104 etiam
440 4058 602 4114 Wislremann‚
629 4059 739 4108 Darsfell.
764 4061 806 4109 der
830 4063 857 4109 iu
874 4061 996 4109 Deulschl.
1014 4077 1056 4108 zur
1072 4061 1123 4107 Zeit
1140 4061 1181 4107 der
1207 4059 1334 4106 Reformat.
1352 4055 1456 4104 herrsclr.

291 4138 457 4188 natiousldkon
483 4141 612 4190 Ansichten
635 4145 727 4204 (1661),
749 4159 800 4207 pag.
825 4145 856 4194 80
882 4161 946 4206 seq.;
966 4144 1113 4200 Endemann,
1137 4142 1236 4190 Studien
1255 4141 1280 4188 in
1298 4141 1339 4188 der
1357 4155 1457 4187 roman.-

289 4221 406 4270 ksnonist.
425 4222 607 4274 Wirthschafts·
627 4243 650 4275 u.
669 4227 826 4284 Rechtslelrre,
844 4226 1098 4291 v01.1(1874)png.
1117 4225 1156 4273 41.
