3296 5008
735 493 799 559 237

176 671 261 739 bitet
296 671 380 759 quin
415 671 622 758 perniciosae
657 671 734 738 illae
764 668 961 759 largitiones
985 674 1102 740 multis
1128 672 1282 741 valerent
1304 675 1348 740 ad

177 786 323 852 honores
357 785 520 871 petendos
543 791 576 850 et
599 785 641 850 ad
665 785 809 870 gloriam
834 786 1116 872 adipiscendam?
1140 769 1166 874 l)
1216 788 1348 855 Eodem

177 906 329 986 ternpore
367 899 403 965 O.
435 898 543 964 Iulius
567 898 689 965 Caesar
727 898 919 978 „beneficiis
953 922 991 966 ac
1017 902 1252 968 munificentia
1277 925 1351 967 ma·-

176 1035 265 1098 gnus
304 1011 537 1093 babebatur’';
578 1013 858 1100 „mansuetudine
901 1019 934 1078 et
969 1014 1201 1083 misericordia
1238 1015 1349 1082 clarus

174 1127 284 1193 factus
331 1125 472 1212 (erat)'';
512 1127 644 1206 ,dando
680 1125 890 1193 sublevando
927 1127 1240 1213 ignoscundo...
1279 1128 1350 1214 glo·

174 1241 261 1306 riam
307 1239 450 1326 adeptus
484 1241 576 1320 est'';
611 1241 648 1305 in
683 1261 722 1306 eo
760 1241 912 1320 „miseris
947 1242 1144 1328 perfugium
1179 1242 1283 1309 erat’'.
1322 1241 1348 1329 Β)

172 1354 272 1420 Idem
309 1353 491 1440 „privatim
516 1354 652 1438 egregia
675 1352 888 1431 liberalitate,
913 1354 1049 1441 publice
1075 1356 1248 1422 maxumis
1272 1378 1346 1422 mu·

172 1468 314 1533 neribus
349 1467 515 1553 grandem
551 1468 735 1554 pecuniam
769 1467 945 1533 debebat.''
982 1467 1009 1554 8)
1071 1470 1163 1548 Quid
1198 1471 1355 1559 autem‘l,

172 1582 266 1647 Huic
293 1581 375 1662 viro,
401 1603 506 1668 quem
530 1581 685 1647 infinitus
709 1581 850 1668 quidam
874 1581 1001 1666 gloriae
1026 1590 1138 1649 aestus
1157 1583 1341 1664 absorbuit,

172 1716 287 1761 nonne
321 1695 395 1781 ipsa
419 1696 503 1760 haec
528 1685 715 1760 liberalitas
736 1695 951 1781 praeclarum
974 1697 1243 1763 instrumentum
1266 1703 1339 1763 erat

172 1809 214 1873 ad
250 1809 399 1893 cogitata
431 1809 666 1901 perficienda?
690 1811 716 1895 4)
762 1810 1014 1895 Imperatorum
1038 1810 1251 1876 liberalitatis
1274 1812 1343 1876 fere

170 1943 241 1988 non
272 1921 340 1987 alia
363 1929 436 1988 erat
460 1928 593 1988 natura.
619 1926 642 2007 5)
688 1923 767 1988 Non
791 1929 840 1987 est
864 1923 1138 1989 obliviscendum
1164 1925 1340 1990 Romanos

169 2036 352 2122 principes,
388 2035 487 2102 aliter
522 2042 624 2122 atque
660 2043 791 2102 nostros
826 2057 921 2120 reges
958 2045 991 2102 et
1015 2038 1246 2123 imperatores,
1274 2059 1343 2104 non

171 2149 330 2215 habuisse
355 2150 484 2235 regiam
509 2157 721 2236 potestatem,
748 2151 907 2237 quamvis
932 2172 1050 2236 reapse
1071 2151 1239 2237 paulatim
1251 2174 1342 2217 sum·

202 2396 222 2455 Ι)
256 2395 313 2444 Tale
335 2396 393 2459 qnid
423 2396 470 2444 iam
495 2396 556 2444 inest
573 2396 598 2444 in
617 2397 667 2461 ipsa
684 2396 818 2460 largitionis
836 2413 899 2446 voce.
916 2397 978 2445 Nam
997 2413 1079 2462 „saepe
1097 2396 1194 2460 largitio
1211 2397 1236 2446 in
1255 2398 1343 2447 malam

166 2481 256 2542 partem
282 2478 397 2542 accipitur
423 2494 465 2542 pro
491 2479 659 2527 distributione
685 2481 804 2543 pecuniae,
831 2496 889 2543 quae
915 2481 941 2528 fit
966 2481 995 2528 ad
1012 2481 1177 2544 aucupandum
1195 2482 1297 2530 savorem
1316 2482 1342 2530 in

165 2561 281 2625 petitione
303 2561 428 2620 honoram,
447 2567 469 2610 ot
486 2563 515 2610 ad
532 2562 719 2611 benevolentiam
737 2563 910 2612 conciliandam
928 2564 1044 2628 potentiae
1062 2565 1231 2628 comparandae
1248 2563 1341 2614 oausa.'’

166 2643 286 2705 (Foroell.)

200 2727 220 2785 ²)
254 2726 311 2775 Sall.
330 2727 381 2776 Cat.
400 2729 439 2782 54,
459 2727 518 2786 2,3

199 2810 221 2869 ³)
255 2810 317 2858 lbid.
336 2811 377 2869 49,
396 2811 418 2859 3.

200 2895 220 2951 4)
255 2894 291 2942 Cl.
318 2893 368 2942 Cio.
394 2894 459 2943 Phil.
486 2895 519 2953 II,
537 2897 578 2954 45,
597 2895 644 2944 116
662 2895 691 2943 de
708 2895 821 2944 Caesare:
841 2897 1007 2960 „Muneribus
1025 2897 1186 2956 monimentis,
1204 2898 1340 2962 congiariis,

165 2977 244 3040 epulis
263 2977 443 3026 multitudinem
461 2978 596 3042 imperitam
614 2978 765 3028 delenierat?
1321 2968 1324 2974 ⁵

130 3109 133 3115 ,
200 3061 219 3118 ⁶)
254 3061 286 3108 Ut
302 3061 409 3124 exemplo
427 3065 488 3118 utar,
507 3062 607 3125 Augusti
625 3062 812 3111 munificentiam
830 3049 994 3127 interponens
1012 3063 1188 3112 memorabilem
1207 3064 1281 3112 luisse
1298 3079 1340 3111 no-

165 3144 245 3192 vimus
263 3145 301 3205 toi.
320 3161 371 3208 pag.
392 3144 436 3193 181
456 3146 509 3193 adn.
529 3146 560 3204 2).
595 3146 630 3193 De
647 3146 728 3193 eedem
745 3150 823 3194 tamen
841 3147 1011 3203 Gardthausen,
1029 3149 1150 3210 Augustus
1164 3164 1186 3195 u.
1205 3147 1269 3195 aeine
1282 3147 1339 3204 Zeit,

166 3227 178 3274 Ι
204 3243 256 3291 pag.
283 3229 348 3276 498:
377 3227 493 3292 „Obwohl
519 3229 558 3276 ein
584 3232 652 3291 gater
678 3229 784 3277 Rechner
803 3231 850 3277 und
867 3246 968 3293 genauer
987 3230 1135 3287 Haushalter,
1153 3246 1201 3278 war
1217 3232 1339 3293 Angustus

165 3310 225 3358 doch
251 3311 393 3374 keineswegs
418 3311 501 3375 geizig.
537 3311 612 3360 Wenn
630 3328 654 3359 es
682 3312 834 3376 nothwendig
858 3329 914 3370 war,
941 3314 1051 3362 verstand
1068 3329 1092 3361 er
1109 3330 1141 3370 es,
1159 3314 1199 3362 das
1218 3313 1277 3361 Geld
1295 3313 1339 3361 mit

166 3393 246 3442 vollen
264 3393 364 3442 Handen
382 3399 554 3452 auszustreucn,
572 3396 611 3442 fiir
627 3395 777 3458 gewbhnlioh
793 3396 848 3444 aber
865 3396 922 3458 ging
939 3412 964 3444 er
981 3396 1167 3445 haushitlterisch
1177 3397 1339 3460 undaparsem

165 3478 240 3526 demit
258 3469 306 3526 um.
341 3478 388 3526 Das
405 3477 466 3526 Geld
483 3495 531 3526 war
549 3479 599 3527 ihm
618 3479 703 3527 immor
719 3495 766 3526 nur
784 3479 862 3528 Mittel
880 3496 934 3528 aurn
952 3481 1041 3528 Zweelr.
1077 3479 1184 3529 Kelossa]
1194 3481 1248 3529 sind
1257 3481 1338 3528 dicim

166 3562 348 3609 Monumentum
372 3563 524 3625 Ancyranum
541 3563 695 3625 angeliihrten
713 3563 834 3621 Summae,
852 3563 932 3610 dicer
949 3563 1021 3611 theils
1038 3564 1064 3612 in
1082 3564 1173 3612 bearem
1191 3563 1339 3622 Geld,theils

165 3645 191 3693 in
220 3645 321 3693 anderen
339 3645 453 3710 Sponden,
476 3645 622 3694 nanrentlirh
640 3646 695 3694 aber
707 3647 746 3694 fiir
763 3647 855 3694 Bauten
873 3647 923 3694 und
940 3646 1074 3695 offentliehe
1091 3646 1198 3710 Anlagen
1214 3647 1247 3694 im
1266 3648 1339 3696 Lause

165 3728 241 3775 seiner
267 3727 352 3792 langen
378 3728 511 3792 Regiorung
537 3745 591 3777 zum
618 3729 773 3792 allgemeinen
792 3730 877 3778 Besten
894 3730 1054 3793 anlgewendet
1071 3730 1117 3778 hut.
1136 3730 1199 3778 Aber
1217 3731 1338 3793 Augustus

165 3816 250 3859 wusste
276 3815 340 3868 stets,
368 3811 482 3859 wesahalb
507 3828 533 3859 er
558 3812 621 3860 diosc
646 3812 719 3875 Opter
746 3813 844 3870 braohtc,
872 3813 920 3860 und
938 3829 961 3860 es
979 3813 1011 3860 ist
1028 3813 1095 3860 nicht
1111 3829 1140 3860 zu
1157 3812 1266 3876 leugnen,
1284 3814 1337 3862 dass

165 3894 199 3942 sie
224 3894 275 3941 ihm
301 3898 355 3957 gnte
384 3894 485 3942 Friichts
509 3899 601 3959 trugen,
628 3895 720 3942 obwohl
747 3895 780 3943 sie
802 3896 881 3944 seincn
898 3895 1037 3958 geordneten
1059 3894 1176 3943 Haushalt
1192 3895 1294 3944 niemals
1311 3897 1337 3944 in

165 3977 315 4040 Unordnnng
344 3976 454 4039 gebracht
480 3977 563 4026 haben.
606 3978 737 4041 Uebrigens
762 3994 810 4026 war
835 3979 875 4026 der
900 3979 1047 4026 Staatsmsnn
1072 3977 1211 4040 freigebiger
1235 3978 1271 4027 als
1297 3979 1338 4028 der

165 4059 327 4115 Privatmann,
352 4076 382 4107 aa
408 4061 452 4108 den
476 4060 594 4108 nattirlich
612 4061 726 4108 ebenl'alls
743 4063 778 4108 oft
796 4061 860 4108 recht
876 4061 937 4108 hoho
955 4060 1093 4123 iluspriiche
1108 4061 1215 4124 gemacht
1232 4063 1336 4111 wurden.

165 4142 258 4190 Sowohl
277 4142 340 4190 aeine
357 4143 473 4206 Begleiter
490 4143 534 4191 wie
549 4143 613 4192 scine
631 4143 740 4192 Soldaten
758 4147 861 4206 argenten
880 4143 931 4191 sich
944 4143 1076 4191 manohmal
1089 4143 1336 4209 iiberdiasphrlichen

164 4224 342 4286 Belohnungen
361 4226 398 4273 die
415 4241 440 4273 er
457 4225 530 4273 ihnen
548 4242 575 4274 zu
594 4227 695 4290 spenden
714 4226 804 4290 pflegte.
823 4225 936 4285 (Macrob.
956 4226 1049 4275 Satura.
1069 4225 1092 4283 2,
1110 4229 1133 4284 4,
1152 4228 1176 4285 6,
1194 4227 1242 4291 vgl.
1261 4228 1310 4289 8.)”
