3226 4998
719 479 759 542 13

156 664 210 738 ,et
245 657 410 744 pecuniae
445 654 608 741 fugienda
645 655 829 741 cupiditas;
870 654 957 720 nihil
981 657 1075 721 enim
1098 659 1148 721 est
1169 658 1242 718 tam
1263 674 1321 718 an·

153 769 245 854 gusti
278 769 386 834 animi
419 775 559 853 tamque
591 767 689 852 parvi
713 789 819 853 quam
842 789 956 833 amare
981 767 1127 848 divitias,
1152 765 1240 831 nihil
1263 765 1321 830 ho

151 883 281 947 nestius
315 881 657 966 magnificentiusque
693 902 798 967 quam
832 881 1017 967 pecuniam
1041 887 1268 959 contemnere,
1294 879 1322 942 si

152 1017 224 1060 non
258 994 393 1076 habeas
428 995 456 1059 si
489 993 625 1073 habeas,
661 994 705 1058 ad
728 993 990 1060 beneficentiam
1013 993 1321 1078 liberalitatemque

155 1110 340 1174 conferre.’'
366 1107 391 1194 ¹)

201 1222 374 1308 Quicquid
419 1221 455 1285 id
498 1227 548 1285 est
593 1220 796 1306 procedente
824 1228 977 1307 ternpore
1013 1221 1130 1285 omnia
1163 1220 1234 1284 iam
1269 1219 1325 1284 fie-

156 1335 240 1400 bant
270 1335 415 1399 mitiora.
463 1335 546 1398 Oato
580 1340 733 1417 aegrotos
769 1355 883 1399 servos
918 1333 1116 1399 vendendos
1150 1355 1220 1398 csse
1249 1354 1325 1397 cen-

159 1455 288 1513 suerat:
324 1447 398 1511 Tib.
435 1445 598 1510 Claudius
632 1447 754 1511 Caesar
777 1454 904 1526 contra,
933 1468 1036 1526 „cum
1061 1447 1202 1532 quidam
1225 1468 1327 1530 aegra

128 1578 130 1582 ·
160 1569 193 1626 11
228 1561 360 1625 adfecta
382 1559 555 1644 mancipia
578 1559 614 1622 in
637 1559 787 1624 insulam
810 1559 1006 1646 Aesculapii
1030 1561 1142 1625 taedio
1166 1559 1328 1625 medendi

160 1680 381 1760 exponerent,
416 1694 534 1737 omnes
567 1673 627 1758 qui
661 1681 914 1759 exponerentur
951 1673 1076 1739 liberos
1111 1695 1180 1738 esse
1205 1673 1328 1753 sanxit,

160 1809 223 1852 nec
257 1787 366 1851 redire
400 1786 438 1849 in
470 1785 641 1850 dicionem
664 1785 805 1866 domini,
830 1787 858 1850 si
882 1786 1149 1867 convaluissent,
1188 1787 1331 1874 quodsi

162 1900 238 1986 quis
272 1921 392 1964 necare
429 1920 533 1984 quem
568 1898 685 1963 mallet
713 1921 819 1985 quam
843 1922 1024 1985 exponere,
1051 1901 1163 1965 caedis
1187 1900 1330 1965 crimine

161 2013 301 2078 teneri.''
326 2012 352 2098 ²)
397 2013 493 2077 Licet
516 2013 587 2097 ipse
611 2012 788 2096 Augustus
812 2035 926 2079 servos
945 2013 1062 2078 multis
1076 2013 1334 2078 difficultatibus

163 2148 183 2191 a
216 2126 371 2191 libertate
407 2132 440 2190 et
475 2125 584 2190 multo
608 2125 764 2211 pluribus
789 2148 809 2190 a
832 2126 986 2191 libertate
1012 2127 1101 2190 iusta
1125 2126 1332 2206 removisset,

164 2247 281 2304 tamen
316 2261 398 2303 mox
422 2239 538 2303 omnia
562 2238 836 2320 removebantur,
863 2261 949 2326 quae
976 2239 1149 2305 obstarent
1172 2246 1205 2304 et
1227 2240 1333 2325 impe-

165 2353 280 2418 dirent
314 2375 382 2438 quo
410 2351 524 2416 minus
551 2373 728 2417 servorum
758 2353 879 2436 iugens
902 2353 954 2419 vis
978 2353 1278 2417 manumitteretur
1296 2351 1332 2438 8).

167 2467 224 2531 Ad
257 2467 346 2530 hanc
381 2488 518 2531 morum
552 2469 780 2532 mutationem
814 2466 965 2530 multum
999 2465 1135 2532 valebat
1168 2466 1334 2552 sapientia

126 2646 128 2650 ,
167 2580 293 2663 Stoica,
315 2601 403 2665 quae
426 2587 508 2646 tunc
533 2581 708 2646 saeculum
731 2580 878 2645 tenebat.
914 2580 1025 2644 Stoica
1041 2587 1157 2644 autem
1169 2557 1335 2665 sapientia

167 2695 257 2758 hanc
292 2693 477 2759 formulam
510 2695 656 2759 humani
679 2695 781 2759 officii
803 2693 972 2759 tradebat:
1011 2715 1131 2774 „omne
1154 2694 1219 2759 hoc
1244 2693 1334 2780 quod

167 2807 273 2888 vides,
299 2829 367 2894 quo
391 2808 506 2873 divina
531 2815 634 2893 atque
658 2809 813 2872 humana
837 2807 996 2873 conclusa
1018 2814 1107 2888 sunt,
1134 2829 1245 2872 unum
1271 2813 1333 2872 est:

168 2920 324 2986 membra
342 2942 460 2986 sumus
483 2922 633 3007 corporis
655 2922 782 3005 magni,
807 2929 931 2986 natura
953 2943 1015 2986 nos
1038 2928 1199 3005 cognatos
1219 2921 1334 3001 edidit,

170 3057 251 3100 cum
285 3056 329 3099 ex
362 3034 472 3099 isdem
506 3042 539 3099 et
562 3035 598 3098 in
622 3035 742 3100 eadem
766 3035 931 3119 gigneret.
957 3035 1041 3100 haec
1064 3034 1163 3099 nobis
1186 3055 1339 3098 amorem

171 3149 296 3213 indidit
330 3155 492 3212 mutuum
518 3155 552 3212 et
574 3147 749 3213 sociabiles
771 3149 860 3212 fecit.
884 3147 943 3211 illa
967 3169 1118 3232 aequum
1141 3147 1338 3232 iustumque

173 3262 360 3348 conposuit.
396 3283 439 3326 ex
462 3261 553 3326 illius
576 3261 815 3326 constitutione
839 3261 994 3325 miserius
1017 3247 1067 3325 est
1088 3281 1209 3324 nocere
1235 3281 1340 3345 quam

208 3441 225 3500 ¹)
248 3441 297 3489 Cio.
316 3442 352 3489 De
366 3441 413 3488 off.
431 3441 451 3497 l,
468 3439 507 3496 20,
526 3433 695 3488 essentem
712 3439 784 3486 1111111
802 3438 904 3486 eundem
922 3439 958 3487 De
976 3438 1041 3487 0111.
1059 3439 1079 3495 Ι,
1098 3439 1137 3496 53,
1157 3437 1214 3494 227,
1230 3436 1271 3486 ubi
1289 3437 1340 3485 Ser·

173 3524 226 3572 vius
251 3523 325 3572 Galba
350 3523 530 3587 reprehenditur
548 3523 625 3586 ,quod
643 3523 663 3570 is
680 3523 705 3571 L.
724 3521 846 3570 Scribonio
863 3523 1023 3585 quaestionem
1039 3521 1066 3569 in
1083 3537 1138 3569 eum
1154 3522 1243 3570 ferente
1259 3520 1342 3584 populi

173 3607 358 3656 miscricordiam
376 3606 537 3655 concitasset.”
556 3606 640 3653 Nescio
657 3622 687 3653 an
705 3622 798 3669 quoque
815 3604 917 3653 alicuius
926 3604 1041 3653 momenti
1052 3604 1108 3660 sint,
1118 3620 1176 3667 quae
1187 3602 1247 3651 dicit
1254 3601 1343 3662 Ussing

174 3689 203 3737 de
225 3689 306 3738 Plauti
324 3689 482 3737 Rudente-
500 3688 571 3736 verbo
588 3689 745 3736 inveniuntur
764 3689 789 3736 in
808 3689 954 3752 praelatione
971 3687 1142 3742 commentarii,
1161 3702 1232 3750 quam
1249 3684 1346 3748 scripsit

82 3812 88 3822 .
174 3773 201 3820 in
225 3771 293 3820 illam
319 3772 462 3820 comoediam
488 3770 583 3831 (Plaut,
609 3770 654 3818 Ed.
672 3770 767 3832 Ussing,
787 3770 830 3818 Vol
858 3770 876 3815 V
895 3785 947 3833 pag.
965 3770 1024 3828 462)
1041 3789 1089 3815 —:
1117 3768 1222 3832 „Fabula
1238 3766 1346 3831 pulcher·

174 3856 237 3904 rima
262 3871 336 3918 quum
362 3854 438 3902 multa
463 3868 517 3901 vere
538 3853 634 3908 comica,
653 3857 704 3900 tum
723 3868 771 3900 non
788 3869 863 3916 pauca
880 3853 940 3900 seria
957 3857 980 3900 et
996 3851 1134 3900 formidinis
1148 3857 1172 3900 et
1188 3850 1349 3899 mesericordia

175 3937 247 4002 plena
272 3937 349 3994 habet,
376 3941 403 3985 ut
428 3953 441 3985 a
467 3936 540 3985 nostri
558 3936 672 4000 temporis
689 3935 778 3983 sabulis
795 3936 875 3983 minus
899 3951 969 3998 quam
995 3934 1055 3982 oliae
1078 3934 1204 3998 pleraeque
1225 3933 1350 3982 abhorrere

176 4020 313 4070 videatur.”
347 4023 458 4070 Attamen
477 4019 577 4068 Plautus
594 4019 621 4067 in
638 4017 681 4066 illa
697 4017 776 4067 fabulo
795 4017 922 4081 Diphilum
940 4017 1095 4081 Sinopensem
1113 4025 1206 4066 secutus
1223 4021 1265 4067 est.

210 4112 230 4172 ⁷)
248 4113 314 4161 Suet.
332 4111 414 4161 Claud.
433 4112 472 4160 21.

211 4203 231 4265 ³)
251 4203 287 4254 cf.
309 4203 386 4266 Marq.
405 4201 514 4252 Prinos
533 4218 585 4266 pag.
604 4201 667 4260 11ο;
688 4199 790 4258 Wallon,
808 4201 871 4251 Hirt.
890 4198 1170 4264 del’nscl.,111²pag.
1189 4199 1220 4248 62
1238 4215 1301 4263 seqq.
