3274 4998
837 482 900 549 180

282 661 468 749 Septimius
511 660 666 740 Severus,
712 660 858 728 Severus
904 659 1127 741 Alexander3
1167 659 1212 726 ad
1249 659 1453 727 memoriam

284 775 458 863 Agrippae
483 775 611 841 mortui
634 774 830 860 Augustus3
857 773 882 860 ¹)
906 775 1041 841 Nerone
1066 779 1100 841 et
1122 774 1243 855 Druse,
1256 773 1457 840 Germanici

284 889 372 968 filiis,
408 887 562 976 patribus
593 889 792 976 conscriptis
815 887 1073 966 commendatis,
1097 893 1137 953 ut
1159 887 1252 953 diem
1275 887 1456 974 utriusque

284 1002 432 1070 tirocinii
476 1001 671 1083 celebraret,
720 1001 897 1083 Tiberius3
937 1000 963 1088 ⁹)
1002 1000 1156 1079 Neronis,
1193 1000 1346 1088 adoptivi
1382 1000 1455 1082 filii,

284 1116 433 1196 nomine,
465 1137 546 1182 cum
568 1116 597 1181 is
622 1121 723 1181 esset-
733 1115 919 1196 ,deductus
942 1115 1103 1184 inferum
1117 1114 1215 1192 tiro’'‚
1229 1113 1393 1180 Claudius
1408 1137 1416 1196 ;
1430 1113 1456 1196 3)

283 1251 363 1298 cum
398 1229 537 1296 Aelium
571 1229 703 1297 Verum
739 1228 940 1316 adoptasset,
965 1227 1184 1309 Hadrianus;
1209 1227 1236 1314 ⁴)
1263 1209 1452 1294 abeodem

285 1343 462 1412 Hadriano
497 1343 677 1430 adoptatus
713 1343 890 1430 factusque
929 1341 1036 1429 „patri
1070 1348 1105 1408 et
1140 1342 1177 1406 in
1208 1341 1353 1427 imperio
1377 1363 1457 1428 pro·

283 1457 464 1528 consulari
499 1464 533 1522 et
582 1456 617 1521 in
651 1455 835 1522 tribunicia
870 1461 1033 1543 potestate
1069 1454 1220 1538 collega’'
1258 1455 1456 1521 Antoninus

282 1571 384 1652 Pius;
410 1571 436 1657 ⁵)
459 1592 539 1637 oum
563 1569 634 1651 filio
659 1570 849 1637 Commodo
873 1577 988 1654 togam
1007 1568 1145 1636 virilem
1160 1568 1359 1650 daret,cum
1373 1590 1457 1634 eun·

284 1685 362 1752 dem
398 1684 462 1750 sibi
491 1684 657 1769 collegam
683 1685 719 1748 in
743 1683 963 1750 tribuniciam
989 1688 1189 1770 potestatem
1213 1683 1380 1768 iungeret,
1407 1681 1456 1746 M.

284 1798 481 1866 Antoninus
504 1797 740 1886 philosophus.
765 1796 791 1883 6)
836 1796 967 1863 Multae
992 1817 1128 1884 quoque
1139 1789 1282 1862 tesserae
1295 1795 1363 1862 buc
1376 1801 1457 1861 sunt

283 1911 490 1992 referendae,
517 1933 603 1998 quae
629 1911 723 1976 haud
747 1910 849 1976 dubie
874 1911 1047 1998 pertinent
1070 1909 1114 1976 ad
1134 1909 1359 1976 variosevita
1372 1909 1456 1976 an-

283 2047 399 2092 sarum
423 2025 689 2112 principalisque
714 2025 836 2091 domus
861 2046 969 2106 casus,
993 2029 1029 2090 at
1054 2045 1136 2091 vero
1159 2023 1324 2108 congiarii
1337 2043 1456 2089 causas

286 2160 357 2206 non
380 2138 469 2206 clare
493 2139 699 2224 significant.
724 2138 751 2226 7)

328 2253 379 2319 De
404 2253 561 2319 bociam
585 2253 674 2319 satis.
721 2253 769 2320 Ut
792 2273 923 2332 causae,
948 2251 997 2316 ita
1020 2272 1174 2318 summae
1198 2271 1345 2336 quoque,
1371 2271 1457 2337 quas

283 2367 414 2434 viritim
449 2367 545 2432 datas
579 2387 649 2432 esse
684 2365 881 2453 accipimus
916 2365 1103 2432 variantur.
1150 2365 1287 2430 Harum
1318 2383 1456 2450 quoque

285 2479 416 2568 aliquot
448 2480 600 2548 afferam.
648 2479 826 2566 Augustus
848 2479 884 2544 in
908 2479 1134 2546 Monumento
1160 2477 1344 2564 Ancyrano
1367 2476 1455 2564 (Lat.

284 2595 315 2676 3,
339 2593 359 2660 7
384 2595 492 2682 seqq.)
515 2601 647 2682 septem
671 2593 845 2679 congiaria
864 2598 1052 2675 enumerat,
1074 2591 1119 2658 ad
1136 2590 1273 2678 plebem
1285 2588 1456 2656 urbanam

282 2707 498 2796 pertinentia.
545 2707 581 2774 si
616 2713 775 2795 quartam
812 2705 1076 2772 frumentariam
1099 2705 1259 2791 excipias,
1306 2702 1455 2788 legimus

281 2821 318 2886 in
353 2820 464 2909 prima
498 2819 700 2888 liberalitate
735 2820 867 2888 viritim
890 2824 1087 2886 numeratos
1109 2839 1180 2886 esse
1204 2817 1264 2884 Hs
1290 2821 1454 2898 trecenos,

282 2935 320 3000 in
354 2934 512 3026 secunda,
547 2935 656 3016 tertia,
682 2935 803 3022 quinta
826 2934 886 3001 HS
911 2933 1174 3021 quadringenos,
1197 2931 1234 2997 in
1256 2935 1352 2998 sexta
1377 2951 1451 3017 sep·

283 3047 436 3136 timeque
473 3069 660 3133 sexagenos
685 3047 843 3114 denarios
864 3048 915 3133 (z
938 3046 993 3114 HS
1020 3045 1169 3113 ducenos
1193 3043 1456 3132 quadragenos).

282 3163 451 3229 Trecenos
474 3161 566 3249 plebi
590 3162 758 3229 sestertios
782 3161 913 3229 viritim
937 3160 1067 3227 dedisse
1091 3163 1275 3225 narrantur
1286 3156 1454 3240 Tiberius,

284 3275 457 3342 Claudius.
493 3274 519 3362 8)
565 3276 663 3342 Teste
702 3275 864 3342 Suetonio
897 3271 1054 3360 Caligula
1077 3271 1137 3354 bis,
1162 3271 1380 3338 Domitianus
1404 3275 1457 3336 ter

284 3388 378 3455 dedit
424 3389 625 3456 tantandem
660 3388 852 3477 pecuniam.
889 3387 916 3475 ⁹)
961 3387 1003 3454 In
1034 3385 1288 3475 chronographi
1322 3382 1457 3450 tabulae

318 3553 340 3614 ι)
373 3552 420 3602 nio
437 3552 502 3602 saa.
519 3551 581 3613 Ην,
598 3552 639 3612 aa,
657 3553 680 3600 4.

317 3637 337 3700 ¹)
371 3637 434 3686 Suet.
452 3635 505 3684 rib.
524 3636 563 3684 54.
590 3635 627 3684 Of.
645 3635 673 3685 G.
691 3635 711 3684 1.
729 3635 756 3684 L.
773 3634 837 3693 XIV,
855 3635 904 3684 244
921 3637 964 3699 (=
980 3633 1078 3684 Henzcn
1095 3632 1178 3694 6443).
1195 3631 1249 3682 rae.
1267 3631 1331 3680 Ano.
1349 3629 1398 3690 III,
1416 3629 1458 3680 29.

317 3720 338 3782 θ)
371 3721 434 3770 Suet
452 3718 516 3768 Nero
534 3718 565 3777 7;
583 3717 638 3770 Tac.
654 3718 720 3768 Ano.
738 3719 794 3778 XII,
811 3718 852 3767 41.

316 3804 336 3864 ⁴)
369 3802 486 3869 spartian.
503 3801 556 3852 Ael.
578 3801 655 3850 Verus
673 3803 697 3852 4.

318 3887 337 3948 ι)
371 3885 473 3952 Capitol.
490 3885 580 3935 Anton.
598 3885 658 3934 Pius
675 3887 699 3934 4.

317 3969 338 4029 ⁶)
371 3968 473 4034 Capitol.
491 3968 527 4018 M.
544 3969 602 4018 Ant.
619 3967 712 4018 Philos.
730 3968 779 4026 223
797 3967 837 4021 27.

317 4051 337 4114 I)
371 4051 408 4101 cf.
426 4052 571 4101 Rostovteew
587 4068 609 4102 o.
628 4052 645 4100 l.
663 4055 686 4101 et
702 4051 765 4116 apud
781 4050 982 4116 Pauly-wissowa
998 4065 1017 4098 s.
1035 4064 1058 4098 v.
1075 4046 1228 4111 coaptatione.

318 4135 338 4194 ⁸)
372 4134 427 4184 rao.
444 4135 508 4184 Ann.
525 4134 559 4192 11,
576 4134 625 4193 42;
643 4133 699 4194 XII,
713 4135 762 4193 41;
780 4135 844 4184 Suet.
861 4134 914 4183 'l'ib
933 4133 964 4182 20
974 4153 981 4192 ;
998 4133 1062 4182 Nero
1080 4131 1111 4190 t;
1129 4131 1175 4180 Dio
1193 4131 1258 4180 Cass.
1275 4130 1324 4188 Lx,
1343 4130 1384 4190 25,
1401 4129 1425 4185 7.

319 4212 339 4280 ⁰)
372 4216 437 4268 Suet.
455 4215 530 4282 Oalig.
550 4216 598 4277 175
615 4217 705 4267 Domit.
723 4218 747 4266 4.
