3226 4998
834 451 874 514 24

266 629 349 694 titur
382 629 516 709 veritas,
553 633 669 693 tamen
703 648 772 692 non
808 627 917 708 videa,
953 649 1117 693 curcum
1142 626 1453 696 FusteldeCou-

266 741 392 826 langeS,
433 740 458 828 ¹)
480 741 577 806 cuius
600 741 787 828 opinionon
810 741 896 806 Ihne
920 740 946 827 ⁹)
971 741 1114 828 probare
1139 743 1285 822 videtur,
1311 741 1451 806 huma-

267 855 398 920 niorem
426 855 515 920 hanc
538 855 833 934 necessitudinem,
859 876 946 940 quae
971 856 1125 940 patronis
1149 877 1230 922 cum
1252 853 1451 920 clientibus

266 968 489 1033 intercessisse
524 974 691 1048 narratur,
728 969 867 1054 propius
904 989 924 1032 a
954 967 1071 1034 sabula
1096 990 1202 1056 quarn
1225 967 1267 1034 ab
1292 967 1449 1032 historia

267 1080 380 1146 abesse
404 1087 573 1167 putemus,

311 1193 428 1259 Plebei
449 1194 554 1279 igitur
579 1194 674 1280 quasi
698 1201 808 1258 essent
831 1194 1002 1280 peregrini
1025 1195 1123 1260 initio
1144 1194 1289 1281 publicis
1301 1193 1446 1259 iuribus

266 1307 436 1373 carebant.
482 1307 634 1391 Regibus
669 1307 796 1372 exactis
830 1315 955 1388 autem,
994 1329 1037 1372 ne
1073 1307 1169 1394 plebs
1192 1330 1213 1373 a
1236 1329 1271 1373 re
1294 1307 1444 1393 publica

265 1420 372 1486 libera
394 1420 600 1500 abhorreret,
625 1421 656 1485 ei
679 1442 789 1506 pauca
811 1421 887 1485 iura
910 1428 1148 1486 concesserunt
1172 1421 1306 1507 patricii
1327 1421 1442 1500 „mul-

265 1540 368 1620 taque
404 1533 638 1599 blandimenta
672 1555 732 1619 per
766 1533 801 1598 id
836 1539 971 1620 tempus
1006 1535 1205 1600 doderunt.''
1231 1533 1257 1620 8)
1291 1535 1388 1613 Quae
1418 1557 1442 1600 a

266 1646 383 1713 Servio
418 1646 530 1711 'Pullio
565 1668 643 1730 rege
683 1647 837 1711 instituta
861 1669 931 1712 esse
956 1648 1079 1727 ferunt,
1105 1648 1165 1734 qui
1188 1655 1261 1712 tam
1284 1647 1444 1733 plebeios

267 1781 372 1847 quam
394 1760 552 1845 patricios
574 1781 635 1846 pro
659 1761 824 1846 cuiusque
849 1781 953 1826 consu
976 1761 1014 1824 in
1041 1761 1213 1826 centurias
1228 1761 1443 1846 discripsisse

266 1880 433 1953 narratur,
471 1895 510 1938 ea
544 1880 625 1937 tuno
661 1874 822 1940 videntur
856 1895 926 1938 esse
958 1881 1125 1939 renovata
1149 1873 1203 1940 vel
1227 1873 1376 1939 stabilita
1398 1875 1442 1961 4).

265 1987 378 2050 Immo
402 2008 482 2051 cum
498 2008 559 2051 rex
570 1986 627 2051 ille
640 2009 710 2052 non
723 1987 785 2052 nisi
802 1987 882 2052 belli
896 2009 997 2052 usum
1012 1988 1214 2072 respexisset
1222 2009 1442 2074 muneraque

266 2105 401 2163 tantum
424 2099 639 2186 imposuisset
664 2099 803 2186 plebeis,
828 2108 910 2165 tunc
934 2101 1004 2165 iam
1019 2100 1199 2166 commoda
1212 2100 1382 2187 quaedam
1394 2101 1442 2167 iis

266 2212 492 2296 contigerunt.
539 2213 616 2278 Hoc
639 2214 779 2278 initium
802 2221 874 2279 crat
896 2235 1005 2279 novae
1029 2215 1077 2280 rei
1089 2213 1245 2300 publicae
1258 2215 1387 2280 formae
1398 2214 1438 2300 ⁵).

266 2324 378 2390 Antea
401 2326 535 2412 patricii
558 2326 622 2391 soli
646 2327 738 2393 cives
761 2328 916 2392 fuerant:
941 2334 1023 2392 tuno
1047 2326 1175 2414 plebeis
1198 2327 1235 2391 in
1259 2327 1439 2393 civitatem

267 2439 413 2524 acceptis
441 2440 593 2504 nascenti
617 2441 666 2504 rei
690 2440 848 2526 publicae
872 2462 934 2506 neo
958 2441 1038 2506 satis
1061 2441 1198 2507 adultae
1211 2461 1319 2507 novae
1332 2441 1437 2506 adde-

267 2551 392 2616 bantur
415 2552 504 2617 vires
527 2553 738 2640 minimeque
763 2555 984 2639 spernendae.
1031 2555 1238 2642 Priusquam
1257 2562 1373 2620 tamen
1397 2555 1435 2618 in

267 2686 386 2751 parem
408 2665 491 2730 iuris
511 2659 747 2732 condicionem
770 2668 1010 2753 reciperentur,
1033 2668 1161 2754 plebeis
1184 2669 1244 2732 diu
1268 2668 1436 2733 etacriter

268 2799 348 2842 oum
372 2778 522 2864 patriciis
544 2786 616 2844 erat
640 2781 852 2846 certandum.

313 2892 500 2978 Postquam
524 2893 565 2958 de
588 2893 781 2959 incolarum
804 2895 986 2979 generibus
1009 2917 1119 2982 pauca
1143 2895 1350 2973 monuimus
1365 2885 1439 2958 iarn

269 3005 503 3091 quaerendum
526 3006 662 3072 videtur
686 3029 772 3093 quae
797 3009 899 3073 fuerit
922 3009 1146 3095 pecuniarum
1170 3009 1256 3073 ratio
1276 3008 1437 3093 vitaeque

270 3117 422 3183 condicio
446 3118 636 3204 priscorum
659 3119 797 3185 illorum
821 3122 1067 3187 Romanorum.

313 3231 505 3297 Mommsen
536 3233 617 3298 dicit
641 3232 666 3319 6)
690 3234 864 3300 Romanos
886 3235 987 3320 longe
1012 3235 1109 3300 aliter
1132 3257 1170 3300 ac
1194 3241 1321 3300 eeteros
1343 3234 1435 3298 Lati-

270 3365 340 3425 nos,
375 3346 434 3431 qui
457 3347 597 3412 vicatim
620 3346 815 3412 habitarent
838 3348 874 3434 ⁷),
899 3349 978 3414 inde
1002 3371 1022 3414 a
1045 3348 1282 3415 vetustissimis
1303 3353 1434 3432 tempo·

268 3457 361 3523 ribus
384 3480 493 3544 genus
515 3460 605 3525 vitae
630 3460 729 3525 civile
753 3461 941 3527 admodum
963 3463 1147 3528 instituisse
1172 3469 1205 3527 et
1225 3461 1361 3527 emendi
1374 3468 1435 3526 aut

270 3601 461 3611 --.---ι

303 3668 319 3730 1)
337 3669 418 3718 Fustel
436 3671 464 3719 de
481 3669 620 3734 Coulanges,
638 3671 670 3718 Ia
687 3669 734 3718 cita
749 3672 864 3736 antiquet
882 3689 933 3737 pag.
953 3673 1008 3721 306.

300 3750 394 3812 anne
412 3754 440 3802 R.
459 3753 487 3802 G.
505 3753 530 3802 1²
546 3769 598 3817 pag.
617 3754 648 3801 91
667 3769 713 3817 seq.

299 3833 319 3896 ⁸)
337 3834 389 3884 Liv.
407 3835 440 3893 ΙΙ,
459 3837 482 3895 9,
500 3836 541 3885 lo.

300 3917 319 3978 ⁴)
336 3917 449 3982 Schwegl.
467 3919 495 3968 R.
514 3919 541 3967 G.
562 3919 586 3968 11
604 3935 655 3983 pag.
675 3919 738 3977 1073
756 3920 833 3984 Lange
851 3921 920 3970 Rom.
938 3920 989 3970 Alt.
1008 3919 1031 3968 1³
1053 3937 1105 3982 pag.
1124 3920 1179 3972 574.

301 3999 319 4061 ⁶)
336 3999 448 4050 Momms.
467 4002 524 4050 sta.
542 4001 582 4051 111
600 4018 651 4066 pag.
671 4002 718 4055 127
736 4019 814 4068 seqq.;
834 4004 862 4051 R.
881 4003 909 4052 G.
927 4003 950 4052 18
967 4019 1018 4067 pag.
1038 4003 1085 4051 253
1103 4018 1174 4066 seqq,
1193 4003 1249 4050 258.

300 4081 320 4143 ⁶)
337 4083 366 4132 a.
385 4083 414 4132 G.
432 4083 457 4134 1⁸
475 4099 526 4148 pag.
544 4083 584 4136 47.

300 4163 319 4226 ⁷)
336 4165 412 4229 Marq.
431 4165 526 4215 stV.1¹
544 4183 594 4230 pag.
615 4168 625 4215 1
646 4184 708 4232 seqq.
719 4188 725 4226 ;
743 4169 795 4217 Liv.
814 4169 849 4226 11.
864 4169 903 4227 62,
921 4171 953 4226 45
971 4168 1041 4216 Dion.
1060 4168 1093 4223 II,
1112 4168 1159 4224 493
1179 4167 1243 4240 Plut.
1262 4168 1330 4217 Rom.
1350 4169 1389 4219 lo.
