3296 5008
769 485 833 549 241

215 663 359 747 πεφυκώς,
385 665 496 725 ὁπόταν
517 687 546 724 τι
569 663 759 742 εὐεργετικόν,
784 664 802 737 ἢ
825 664 925 735 ἄλλως
948 667 986 735 εἷς
1010 663 1050 724 τὰ
1073 664 1154 742 μέσα
1173 666 1383 742 συνεργητικὸν

216 780 326 865 πράξῃ,
362 783 513 856 πεποίηκε,
548 776 622 854 πρὸς
655 779 670 838 ὃ
700 780 948 856 κατεσκεύασται,
974 779 1022 841 καὶ
1047 777 1109 861 ἔχει
1131 771 1167 839 τὲ
1188 778 1324 839 &coreb-'²
1344 816 1388 826 —

216 890 327 956 Stoica
352 890 436 955 haec
458 890 599 956 consilia
623 890 800 977 aliquanto
823 891 1039 975 generosiora
1051 898 1141 969 sunt,
1154 896 1192 956 ut
1203 891 1251 956 ita
1263 890 1386 973 dicam,

217 1025 322 1090 quam
342 1024 382 1069 ea
406 1024 493 1090 quae
517 1025 560 1069 ex
585 1003 746 1070 Cicerone
771 1005 943 1090 exscripsi.
990 1004 1103 1069 Immo
1127 1025 1167 1069 ea
1191 1004 1385 1071 Christiano

217 1117 367 1203 quodam
402 1116 480 1182 fuco
514 1116 600 1182 illita
634 1139 704 1183 essa
725 1117 876 1183 dixeris,
923 1118 1015 1185 Vera
1049 1117 1243 1183 Christiana
1265 1118 1388 1184 caritas

216 1236 332 1296 tamen
367 1251 410 1295 ne
446 1226 502 1295 hic
538 1230 679 1316 quidem
713 1231 889 1316 reperitur.
947 1231 1108 1309 Quonam
1139 1231 1235 1297 enim
1270 1231 1386 1297 animo

216 1343 313 1408 dabit
358 1344 492 1430 sapiens
539 1343 595 1409 ilie
630 1343 789 1410 Stoicus?
838 1343 1039 1424 „Succurret
1072 1343 1193 1410 alienis
1227 1343 1386 1426 lacrimis,

216 1479 285 1522 non
322 1457 490 1524 accedet.'’
541 1457 637 1537 „Non
680 1456 896 1522 miserebitur
930 1451 1074 1544 sapiens,
1109 1457 1168 1524 sed
1202 1464 1385 1539 succurret,

215 1571 273 1636 sed
309 1571 491 1658 proderit.''
541 1569 704 1651 „Voltum
740 1571 879 1657 quidem
903 1592 973 1637 non
997 1570 1120 1637 deiciet
1143 1592 1205 1636 nec
1229 1571 1386 1636 animum

215 1685 258 1750 ob
282 1706 359 1750 crus
382 1683 527 1751 alicuius
551 1685 687 1750 aridum
711 1694 771 1751 aut
794 1707 983 1772 pannosam
1008 1684 1154 1752 maciem
1177 1685 1236 1751 et
1226 1684 1385 1750 1nnixam

216 1797 337 1864 baculo
372 1804 510 1864 senecta
512 1799 614 1864 t.''em
661 1799 1064 1865 Misericordiam
1093 1798 1187 1865 enim
1210 1798 1292 1865 dicit
1279 1804 1385 1866 tesso

217 1912 416 1991 „vitium
451 1912 723 1978 animorum
758 1913 905 1978 nimis
940 1912 1374 1999 miseriapavent1
1375 1950 1387 1963 ·

214 2025 317 2091 um.''
344 2023 369 2111 ¹)
415 2025 507 2105 Quid
542 2027 686 2092 autem?
735 2027 826 2106 „Uni
860 2026 994 2113 placere
1034 2033 1214 2094 contentus
1248 2027 1284 2091 in
1320 2026 1385 2094 hoo

214 2137 313 2219 dabo,
338 2145 376 2204 ut
400 2140 492 2226 quod
516 2147 648 2227 oportet
671 2141 827 2206 faciam.''
850 2139 878 2236 ,9)
925 2141 1002 2222 Dat,
1028 2141 1108 2228 quia
1135 2141 1221 2222 „viri
1233 2141 1385 2207 officium

215 2258 264 2318 est
286 2252 376 2318 inter
399 2253 466 2318 alia
489 2260 523 2320 et
547 2254 752 2321 beneficium
776 2254 891 2321 dare.''
937 2255 1051 2335 Quare
1075 2277 1156 2341 ergo
1178 2255 1264 2321 dat?
1312 2255 1387 2337 „Ne

214 2387 284 2432 non
319 2366 386 2448 det,
423 2390 465 2434 ne
501 2369 713 2435 occasionem
747 2369 983 2436 benefaciendi
1017 2369 1170 2457 perdat’'‚
1205 2369 1231 2458 3)
1259 2376 1317 2450 „ut
1339 2392 1382 2437 ex

214 2501 356 2547 munere
391 2503 452 2548 suo
476 2483 642 2569 percipiat
662 2483 861 2568 gaudium’'‚
887 2484 913 2571 4)
936 2489 973 2549 ut
998 2489 1109 2550 servet
1097 2483 1281 2564 t„bonarn
1305 2505 1382 2550 con·

213 2593 304 2659 scien
307 2594 424 2660 tiam”.
450 2599 474 2680 ⁶)
520 2596 646 2662 Licet'
603 2597 743 2682 t1gitur
688 2597 810 2663 tab
834 2598 929 2663 omni
952 2597 1092 2663 humilit
1079 2604 1147 2664 tate
1166 2598 1192 2664 si
1196 2603 1380 2680 tremotuS,

213 2711 329 2774 tamen
364 2731 399 2774 re
435 2730 515 2776 vera
548 2731 678 2776 amor
711 2711 786 2777 sui
810 2711 860 2777 vis
884 2717 934 2778 est
957 2733 1044 2798 quae
1067 2711 1218 2779 Stoicum
1245 2734 1382 2800 quoque

212 2820 255 2886 ad
280 2820 540 2889 beneficentiam
565 2831 672 2891 vocat.
698 2824 725 2910 6)

256 2934 298 2999 In
329 2935 442 3003 Stoica
465 2938 632 3023 sapientia
656 2939 757 3024 paulo
781 2939 911 3005 diutius
933 2947 1164 3006 commoratus
1188 2962 1275 3022 sum,
1301 2941 1382 3027 quia

213 3049 273 3134 qui
307 3049 397 3117 hanc
432 3060 559 3118 sectam
587 3051 817 3138 sequebantur
841 3059 912 3118 tam
936 3053 1023 3120 elate
1047 3060 1080 3120 et
1103 3053 1216 3142 ample
1241 3054 1282 3120 de
1307 3057 1380 3141 ipsa

246 3301 265 3362 ¹)
299 3301 335 3350 De
360 3302 435 3354 Clem.
462 3304 471 3352 l
505 3305 522 3353 l.
548 3308 558 3366 §
580 3305 603 3364 2,
621 3305 644 3363 3,
662 3308 686 3354 4.
721 3305 757 3354 Cf.
775 3306 846 3355 etiam
864 3307 920 3372 Gap.
940 3310 963 3366 5,
983 3309 1012 3356 l:
1030 3309 1201 3374 „Clementiam
1220 3313 1380 3361 mansuetudi-

210 3401 309 3450 nemque
326 3402 408 3436 omnes
425 3388 481 3437 boni
500 3389 546 3437 viri
564 3389 722 3453 praestabunt,
741 3390 924 3440 miscricordiam
942 3396 1020 3442 autem
1040 3393 1162 3444 vitabunt:
1175 3401 1209 3444 est
1220 3396 1283 3444 enirn
1295 3397 1379 3446 vitium

210 3468 293 3532 pusilli
309 3471 392 3529 animi,
410 3473 440 3521 ad
458 3473 557 3536 speciem
575 3473 707 3522 alienorum
725 3474 842 3524 malorum
860 3475 1025 3525 succidentis?

243 3555 264 3613 ¹)
298 3555 334 3602 De
350 3555 430 3605 Bencf.
449 3557 489 3613 IV,
509 3557 548 3615 ll,
568 3558 589 3605 l.

241 3635 261 3697 3)
296 3637 589 3698 Dessenef.1v‚1a,5.

243 3720 262 3779 Ι)
296 3720 331 3768 De
348 3721 428 3771 Benef.
445 3722 486 3781 IV,
505 3723 544 3782 29,
563 3724 585 3771 3.

243 3802 262 3864 ι)
296 3803 332 3853 De
348 3805 428 3855 Bcnef.
447 3805 487 3863 IV,
507 3807 545 3864 12,
563 3810 587 3854 4.

242 3886 261 3946 ο)
294 3887 327 3936 Ut
347 3888 438 3946 Cicero,
456 3889 488 3938 ita
506 3890 590 3939 Seneca
608 3907 700 3955 quoque
717 3908 826 3955 magnam
844 3893 894 3941 vim
911 3893 996 3942 tribuit
1014 3893 1177 3943 beneficiorum
1196 3899 1274 3958 gratae
1293 3913 1379 3945 merno-

209 3970 264 4018 riac.
299 3970 335 4019 Οἱ.
362 3972 397 4019 De
422 3973 502 4021 Bcnef.
523 3973 564 4031 IV,
583 3974 614 4022 26
632 3991 696 4038 seqq.
731 3975 776 4024 Dat
792 3991 847 4024 sane
863 3977 934 4024 ctiam
952 3976 1021 4025 malis
1039 3981 1107 4040 atque
1124 3978 1230 4041 ingratis.
1265 3980 1298 4029 At
1314 3981 1378 4029 enim

208 4052 264 4112 quia
290 4053 379 4117 „aetius
404 4060 439 4103 est
457 4094 462 4104 .
480 4056 588 4119 prodesse
613 4058 684 4105 etiam
711 4057 781 4106 maiis
807 4064 900 4123 propter
917 4059 990 4108 bonos
1011 4076 1081 4124 quam
1106 4060 1173 4109 bonis
1190 4062 1268 4111 deesse
1286 4069 1379 4128 propter

207 4133 314 4262 rrlraloa'';
341 4137 397 4200 quia
422 4139 551 4203 „quaedam
577 4156 624 4189 non
651 4144 757 4204 poterant
782 4141 863 4190 ceteris
882 4143 1025 4208 contingere.
1042 4144 1088 4192 nisi
1108 4145 1225 4195 universis
1244 4145 1378 4197 darentur.''

207 4215 412 4283 bebffi
