<?xml version="1.0" encoding="UTF-8"?>
<!DOCTYPE html PUBLIC "-//W3C//DTD XHTML 1.0 Transitional//EN"
    "http://www.w3.org/TR/xhtml1/DTD/xhtml1-transitional.dtd">
<html xmlns="http://www.w3.org/1999/xhtml" xml:lang="en" lang="en">
 <head>
  <title>
</title>
<meta http-equiv="Content-Type" content="text/html;charset=utf-8" />
  <meta name='ocr-system' content='tesseract 3.04.00' />
  <meta name='ocr-capabilities' content='ocr_page ocr_carea ocr_par ocr_line ocrx_word'/>
</head>
<body>
  <div class='ocr_page' id='page_1' title='image "./depauperumcuraa00essegoog_0090.png"; bbox 0 0 3226 4998; ppageno 0'>
   <div class='ocr_carea' id='block_1_1' title="bbox 850 450 892 514">
    <p class='ocr_par' dir='ltr' id='par_1_1' title="bbox 850 450 892 514">
     <span class='ocr_line' id='line_1_1' title="bbox 850 450 892 514; baseline -0.024 0"><span class='ocrx_word' id='word_1_1' title='bbox 850 450 892 514; x_wconf 80' lang='lat'><strong>72</strong></span> 
     </span>
    </p>
   </div>
   <div class='ocr_carea' id='block_1_2' title="bbox 282 627 1455 2187">
    <p class='ocr_par' dir='ltr' id='par_1_2' title="bbox 282 627 1455 2187">
     <span class='ocr_line' id='line_1_2' title="bbox 283 627 1455 714; baseline -0.001 -20"><span class='ocrx_word' id='word_1_2' title='bbox 283 627 381 694; x_wconf 85' lang='lat' dir='ltr'><strong>sidua</strong></span> <span class='ocrx_word' id='word_1_3' title='bbox 403 628 577 693; x_wconf 89' lang='lat' dir='ltr'><strong>insomnia</strong></span> <span class='ocrx_word' id='word_1_4' title='bbox 604 627 655 692; x_wconf 92' lang='lat' dir='ltr'><strong>vol</strong></span> <span class='ocrx_word' id='word_1_5' title='bbox 680 627 798 712; x_wconf 89' lang='lat' dir='ltr'><strong>vigilia</strong></span> <span class='ocrx_word' id='word_1_6' title='bbox 822 627 951 712; x_wconf 79' lang='lat' dir='ltr'>aegroti</span> <span class='ocrx_word' id='word_1_7' title='bbox 974 628 1134 714; x_wconf 90' lang='lat' dir='ltr'><strong>perirent.</strong></span> <span class='ocrx_word' id='word_1_8' title='bbox 1161 627 1186 714; x_wconf 89' lang='lat'><strong>¹)</strong></span> <span class='ocrx_word' id='word_1_9' title='bbox 1221 627 1368 692; x_wconf 90' lang='lat' dir='ltr'><strong>Adneoti</strong></span> <span class='ocrx_word' id='word_1_10' title='bbox 1381 649 1455 714; x_wconf 78' lang='lat' dir='ltr'><strong>pos</strong></span> 
     </span>
     <span class='ocr_line' id='line_1_3' title="bbox 286 741 1054 826; baseline 0.001 -20"><span class='ocrx_word' id='word_1_11' title='bbox 286 747 371 806; x_wconf 89' lang='lat' dir='ltr'><strong>sunt</strong></span> <span class='ocrx_word' id='word_1_12' title='bbox 399 741 485 820; x_wconf 85' lang='lat' dir='ltr'><strong>„alia</strong></span> <span class='ocrx_word' id='word_1_13' title='bbox 509 763 548 806; x_wconf 90' lang='lat' dir='ltr'><strong>ac</strong></span> <span class='ocrx_word' id='word_1_14' title='bbox 572 742 706 807; x_wconf 88' lang='lat' dir='ltr'><strong>diversa</strong></span> <span class='ocrx_word' id='word_1_15' title='bbox 728 741 879 826; x_wconf 88' lang='lat' dir='ltr'><strong>pericula</strong></span> <span class='ocrx_word' id='word_1_16' title='bbox 902 741 1054 807; x_wconf 87' lang='lat' dir='ltr'><strong>noctis&#39;’:</strong></span> 
     </span>
     <span class='ocr_line' id='line_1_4' title="bbox 310 854 1328 941; baseline 0 -23"><span class='ocrx_word' id='word_1_17' title='bbox 310 871 312 878; x_wconf 76' lang='grc'>’</span> <span class='ocrx_word' id='word_1_18' title='bbox 374 854 493 934; x_wconf 79' lang='lat' dir='ltr'><strong>„Quod</strong></span> <span class='ocrx_word' id='word_1_19' title='bbox 517 855 665 941; x_wconf 89' lang='lat' dir='ltr'><strong>spatium</strong></span> <span class='ocrx_word' id='word_1_20' title='bbox 689 854 785 919; x_wconf 89' lang='lat' dir='ltr'><strong>tectis</strong></span> <span class='ocrx_word' id='word_1_21' title='bbox 808 854 1011 919; x_wconf 86' lang='lat' dir='ltr'>sublimibus</span> <span class='ocrx_word' id='word_1_22' title='bbox 1034 855 1125 920; x_wconf 89' lang='lat' dir='ltr'><strong>unde</strong></span> <span class='ocrx_word' id='word_1_23' title='bbox 1149 854 1328 919; x_wconf 86' lang='lat' dir='ltr'><strong>cerebrum</strong></span> 
     </span>
     <span class='ocr_line' id='line_1_5' title="bbox 370 967 1262 1054; baseline -0.001 -21"><span class='ocrx_word' id='word_1_24' title='bbox 370 968 471 1033; x_wconf 84' lang='lat' dir='ltr'><strong>Testa</strong></span> <span class='ocrx_word' id='word_1_25' title='bbox 494 967 579 1049; x_wconf 86' lang='lat' dir='ltr'><strong>serit,</strong></span> <span class='ocrx_word' id='word_1_26' title='bbox 606 968 762 1054; x_wconf 90' lang='lat' dir='ltr'><strong>quotiens</strong></span> <span class='ocrx_word' id='word_1_27' title='bbox 785 968 910 1032; x_wconf 90' lang='lat' dir='ltr'><strong>rimosa</strong></span> <span class='ocrx_word' id='word_1_28' title='bbox 933 974 966 1032; x_wconf 91' lang='lat' dir='ltr'><strong>et</strong></span> <span class='ocrx_word' id='word_1_29' title='bbox 988 974 1085 1033; x_wconf 89' lang='lat' dir='ltr'><strong>curta</strong></span> <span class='ocrx_word' id='word_1_30' title='bbox 1108 968 1262 1033; x_wconf 79' lang='lat' dir='ltr'><strong>fenestris</strong></span> 
     </span>
     <span class='ocr_line' id='line_1_6' title="bbox 319 1081 1325 1168; baseline -0.001 -22"><span class='ocrx_word' id='word_1_31' title='bbox 319 1117 321 1121; x_wconf 95' lang='lat'>·</span> <span class='ocrx_word' id='word_1_32' title='bbox 372 1081 464 1147; x_wconf 83' lang='lat' dir='ltr'><strong>Vasa</strong></span> <span class='ocrx_word' id='word_1_33' title='bbox 486 1082 619 1162; x_wconf 78' lang='lat' dir='ltr'><strong>cadant,</strong></span> <span class='ocrx_word' id='word_1_34' title='bbox 645 1088 773 1168; x_wconf 91' lang='lat' dir='ltr'><strong>quanto</strong></span> <span class='ocrx_word' id='word_1_35' title='bbox 796 1102 993 1166; x_wconf 88' lang='lat' dir='ltr'><strong>percussum</strong></span> <span class='ocrx_word' id='word_1_36' title='bbox 1017 1081 1166 1167; x_wconf 90' lang='lat' dir='ltr'><strong>pondere</strong></span> <span class='ocrx_word' id='word_1_37' title='bbox 1189 1081 1325 1165; x_wconf 79' lang='lat' dir='ltr'><strong>signent</strong></span> 
     </span>
     <span class='ocr_line' id='line_1_7' title="bbox 374 1193 1187 1280; baseline 0 -22"><span class='ocrx_word' id='word_1_38' title='bbox 374 1195 420 1258; x_wconf 85' lang='lat' dir='ltr'><strong>Et</strong></span> <span class='ocrx_word' id='word_1_39' title='bbox 442 1193 581 1259; x_wconf 80' lang='lat' dir='ltr'><strong>laedant</strong></span> <span class='ocrx_word' id='word_1_40' title='bbox 606 1194 744 1260; x_wconf 86' lang='lat' dir='ltr'><strong>silicem.</strong></span> <span class='ocrx_word' id='word_1_41' title='bbox 769 1195 874 1280; x_wconf 88' lang='lat' dir='ltr'><strong>possis</strong></span> <span class='ocrx_word' id='word_1_42' title='bbox 898 1195 1045 1279; x_wconf 89' lang='lat' dir='ltr'><strong>ignavus</strong></span> <span class='ocrx_word' id='word_1_43' title='bbox 1068 1193 1187 1259; x_wconf 90' lang='lat' dir='ltr'><strong>haberi</strong></span> 
     </span>
     <span class='ocr_line' id='line_1_8' title="bbox 372 1307 1159 1394; baseline 0 -23"><span class='ocrx_word' id='word_1_44' title='bbox 372 1308 417 1371; x_wconf 87' lang='lat' dir='ltr'><strong>Et</strong></span> <span class='ocrx_word' id='word_1_45' title='bbox 440 1307 543 1372; x_wconf 91' lang='lat' dir='ltr'><strong>subiti</strong></span> <span class='ocrx_word' id='word_1_46' title='bbox 566 1329 662 1372; x_wconf 88' lang='lat' dir='ltr'><strong>casus</strong></span> <span class='ocrx_word' id='word_1_47' title='bbox 685 1308 895 1394; x_wconf 81' lang='lat' dir='ltr'><strong>inprovidae,</strong></span> <span class='ocrx_word' id='word_1_48' title='bbox 920 1307 963 1372; x_wconf 90' lang='lat' dir='ltr'><strong>ad</strong></span> <span class='ocrx_word' id='word_1_49' title='bbox 987 1329 1108 1372; x_wconf 89' lang='lat' dir='ltr'><strong>cenam</strong></span> <span class='ocrx_word' id='word_1_50' title='bbox 1132 1307 1159 1372; x_wconf 90' lang='lat' dir='ltr'><strong>si</strong></span> 
     </span>
     <span class='ocr_line' id='line_1_9' title="bbox 370 1419 1128 1506; baseline 0 -22"><span class='ocrx_word' id='word_1_51' title='bbox 370 1421 554 1485; x_wconf 86' lang='lat' dir='ltr'><strong>Intestatus</strong></span> <span class='ocrx_word' id='word_1_52' title='bbox 578 1443 653 1486; x_wconf 87' lang='lat' dir='ltr'><strong>eas:</strong></span> <span class='ocrx_word' id='word_1_53' title='bbox 677 1422 761 1486; x_wconf 88' lang='lat' dir='ltr'><strong>adeo</strong></span> <span class='ocrx_word' id='word_1_54' title='bbox 784 1427 834 1486; x_wconf 92' lang='lat' dir='ltr'><strong>tot</strong></span> <span class='ocrx_word' id='word_1_55' title='bbox 857 1419 935 1500; x_wconf 82' lang='lat' dir='ltr'><strong>sata,</strong></span> <span class='ocrx_word' id='word_1_56' title='bbox 963 1426 1046 1506; x_wconf 92' lang='lat' dir='ltr'><strong>quot</strong></span> <span class='ocrx_word' id='word_1_57' title='bbox 1069 1419 1128 1484; x_wconf 91' lang='lat' dir='ltr'><strong>illa</strong></span> 
     </span>
     <span class='ocr_line' id='line_1_10' title="bbox 371 1533 1275 1620; baseline -0.001 -22"><span class='ocrx_word' id='word_1_58' title='bbox 371 1534 476 1599; x_wconf 90' lang='lat' dir='ltr'><strong>Nocte</strong></span> <span class='ocrx_word' id='word_1_59' title='bbox 501 1539 619 1619; x_wconf 90' lang='lat' dir='ltr'><strong>patent</strong></span> <span class='ocrx_word' id='word_1_60' title='bbox 642 1533 762 1618; x_wconf 87' lang='lat' dir='ltr'><strong>vigiles</strong></span> <span class='ocrx_word' id='word_1_61' title='bbox 784 1541 817 1599; x_wconf 92' lang='lat' dir='ltr'><strong>te</strong></span> <span class='ocrx_word' id='word_1_62' title='bbox 841 1540 1076 1620; x_wconf 79' lang='lat' dir='ltr'><strong>praetereunte</strong></span> <span class='ocrx_word' id='word_1_63' title='bbox 1100 1534 1275 1598; x_wconf 88' lang='lat' dir='ltr'><strong>fenestrae.</strong></span> 
     </span>
     <span class='ocr_line' id='line_1_11' title="bbox 371 1646 1266 1734; baseline -0.001 -23"><span class='ocrx_word' id='word_1_64' title='bbox 371 1647 462 1730; x_wconf 83' lang='lat' dir='ltr'><strong>Ergo</strong></span> <span class='ocrx_word' id='word_1_65' title='bbox 486 1654 582 1733; x_wconf 87' lang='lat' dir='ltr'><strong>optas</strong></span> <span class='ocrx_word' id='word_1_66' title='bbox 604 1654 793 1734; x_wconf 90' lang='lat' dir='ltr'><strong>votumque</strong></span> <span class='ocrx_word' id='word_1_67' title='bbox 817 1648 904 1712; x_wconf 84' lang='lat' dir='ltr'><strong>feras</strong></span> <span class='ocrx_word' id='word_1_68' title='bbox 928 1646 1119 1712; x_wconf 87' lang='lat' dir='ltr'><strong>miserabile</strong></span> <span class='ocrx_word' id='word_1_69' title='bbox 1142 1653 1266 1726; x_wconf 86' lang='lat' dir='ltr'><strong>tecum,</strong></span> 
     </span>
     <span class='ocr_line' id='line_1_12' title="bbox 371 1758 1288 1846; baseline -0.002 -20"><span class='ocrx_word' id='word_1_70' title='bbox 371 1760 419 1826; x_wconf 93' lang='lat' dir='ltr'><strong>Ut</strong></span> <span class='ocrx_word' id='word_1_71' title='bbox 442 1760 509 1825; x_wconf 86' lang='lat' dir='ltr'><strong>sint</strong></span> <span class='ocrx_word' id='word_1_72' title='bbox 532 1766 710 1826; x_wconf 86' lang='lat' dir='ltr'><strong>contentae</strong></span> <span class='ocrx_word' id='word_1_73' title='bbox 735 1761 869 1846; x_wconf 90' lang='lat' dir='ltr'><strong>patulas</strong></span> <span class='ocrx_word' id='word_1_74' title='bbox 892 1761 1076 1826; x_wconf 89' lang='lat' dir='ltr'><strong>defundere</strong></span> <span class='ocrx_word' id='word_1_75' title='bbox 1101 1759 1248 1846; x_wconf 83' lang='lat' dir='ltr'><strong>pelves&#39;&#39;</strong></span> <span class='ocrx_word' id='word_1_76' title='bbox 1262 1758 1288 1846; x_wconf 65' lang='grc'><strong>9)</strong></span> 
     </span>
     <span class='ocr_line' id='line_1_13' title="bbox 282 1869 1455 1960; baseline -0.001 -24"><span class='ocrx_word' id='word_1_77' title='bbox 282 1872 361 1937; x_wconf 92' lang='lat' dir='ltr'><strong>Non</strong></span> <span class='ocrx_word' id='word_1_78' title='bbox 397 1894 472 1938; x_wconf 89' lang='lat' dir='ltr'><strong>raro</strong></span> <span class='ocrx_word' id='word_1_79' title='bbox 508 1874 630 1939; x_wconf 89' lang='lat' dir='ltr'><strong>misero</strong></span> <span class='ocrx_word' id='word_1_80' title='bbox 665 1875 830 1954; x_wconf 88' lang='lat' dir='ltr'><strong>famelico,</strong></span> <span class='ocrx_word' id='word_1_81' title='bbox 855 1895 936 1939; x_wconf 92' lang='lat' dir='ltr'><strong>cum</strong></span> <span class='ocrx_word' id='word_1_82' title='bbox 958 1895 1019 1960; x_wconf 90' lang='lat' dir='ltr'><strong>per</strong></span> <span class='ocrx_word' id='word_1_83' title='bbox 1041 1873 1161 1938; x_wconf 90' lang='lat' dir='ltr'><strong>lunam</strong></span> <span class='ocrx_word' id='word_1_84' title='bbox 1184 1873 1240 1939; x_wconf 94' lang='lat' dir='ltr'><strong>vel</strong></span> <span class='ocrx_word' id='word_1_85' title='bbox 1263 1872 1307 1936; x_wconf 90' lang='lat' dir='ltr'><strong>ad</strong></span> <span class='ocrx_word' id='word_1_86' title='bbox 1333 1869 1455 1936; x_wconf 89' lang='lat' dir='ltr'><strong>cande·</strong></span> 
     </span>
     <span class='ocr_line' id='line_1_14' title="bbox 282 1985 1455 2073; baseline -0.001 -24"><span class='ocrx_word' id='word_1_87' title='bbox 282 1985 334 2050; x_wconf 90' lang='lat' dir='ltr'><strong>lae</strong></span> <span class='ocrx_word' id='word_1_88' title='bbox 358 1985 461 2052; x_wconf 87' lang='lat' dir='ltr'><strong>breve</strong></span> <span class='ocrx_word' id='word_1_89' title='bbox 482 1986 601 2052; x_wconf 89' lang='lat' dir='ltr'><strong>lumen</strong></span> <span class='ocrx_word' id='word_1_90' title='bbox 624 1987 766 2052; x_wconf 92' lang='lat' dir='ltr'><strong>domum</strong></span> <span class='ocrx_word' id='word_1_91' title='bbox 789 1993 926 2072; x_wconf 89' lang='lat' dir='ltr'><strong>peteret,</strong></span> <span class='ocrx_word' id='word_1_92' title='bbox 952 1986 1036 2051; x_wconf 87' lang='lat' dir='ltr'><strong>ebrii</strong></span> <span class='ocrx_word' id='word_1_93' title='bbox 1059 2008 1097 2051; x_wconf 91' lang='lat' dir='ltr'><strong>ac</strong></span> <span class='ocrx_word' id='word_1_94' title='bbox 1110 1986 1301 2073; x_wconf 88' lang='lat' dir='ltr'><strong>petulantes</strong></span> <span class='ocrx_word' id='word_1_95' title='bbox 1313 1985 1455 2050; x_wconf 89' lang='lat' dir='ltr'><strong>iuvenes</strong></span> 
     </span>
     <span class='ocr_line' id='line_1_15' title="bbox 285 2098 642 2187; baseline 0 -22"><span class='ocrx_word' id='word_1_96' title='bbox 285 2098 359 2165; x_wconf 92' lang='lat' dir='ltr'><strong>vim</strong></span> <span class='ocrx_word' id='word_1_97' title='bbox 382 2099 590 2165; x_wconf 88' lang='lat' dir='ltr'><strong>afferebant:</strong></span> <span class='ocrx_word' id='word_1_98' title='bbox 616 2099 642 2187; x_wconf 74' lang='grc'><strong>8)</strong></span> 
     </span>
    </p>
   </div>
   <div class='ocr_carea' id='block_1_3' title="bbox 286 2219 479 2229">
    <p class='ocr_par' dir='ltr' id='par_1_3' title="bbox 286 2219 479 2229">
     <span class='ocr_line' id='line_1_16' title="bbox 286 2219 479 2229; baseline 0.016 -3"><span class='ocrx_word' id='word_1_99' title='bbox 286 2219 479 2229; x_wconf 72' lang='lat'>—...—.---</span> 
     </span>
    </p>
   </div>
   <div class='ocr_carea' id='block_1_4' title="bbox 278 2253 1450 3893">
    <p class='ocr_par' dir='ltr' id='par_1_4' title="bbox 278 2253 1450 3893">
     <span class='ocr_line' id='line_1_17' title="bbox 317 2253 639 2318; baseline 0 -16"><span class='ocrx_word' id='word_1_100' title='bbox 317 2253 334 2314; x_wconf 79' lang='lat'><strong>1)</strong></span> <span class='ocrx_word' id='word_1_101' title='bbox 359 2254 419 2302; x_wconf 92' lang='lat' dir='ltr'><strong>Ibid.</strong></span> <span class='ocrx_word' id='word_1_102' title='bbox 439 2271 473 2302; x_wconf 90' lang='lat' dir='ltr'><strong>vs.</strong></span> <span class='ocrx_word' id='word_1_103' title='bbox 493 2255 541 2304; x_wconf 76' lang='lat'><strong>232</strong></span> <span class='ocrx_word' id='word_1_104' title='bbox 560 2271 639 2318; x_wconf 88' lang='lat' dir='ltr'><strong>seqq:</strong></span> 
     </span>
     <span class='ocr_line' id='line_1_18' title="bbox 381 2337 1111 2402; baseline 0 -16"><span class='ocrx_word' id='word_1_105' title='bbox 381 2338 521 2402; x_wconf 81' lang='lat' dir='ltr'><strong>„Plurimus</strong></span> <span class='ocrx_word' id='word_1_106' title='bbox 538 2339 578 2386; x_wconf 90' lang='lat' dir='ltr'><strong>hic</strong></span> <span class='ocrx_word' id='word_1_107' title='bbox 595 2355 662 2402; x_wconf 84' lang='lat' dir='ltr'><strong>aeger</strong></span> <span class='ocrx_word' id='word_1_108' title='bbox 680 2339 783 2387; x_wconf 90' lang='lat' dir='ltr'><strong>moritur</strong></span> <span class='ocrx_word' id='word_1_109' title='bbox 801 2337 957 2401; x_wconf 77' lang='lat' dir='ltr'><strong>vigilansque,</strong></span> <span class='ocrx_word' id='word_1_110' title='bbox 976 2339 1016 2386; x_wconf 92' lang='lat' dir='ltr'><strong>sed</strong></span> <span class='ocrx_word' id='word_1_111' title='bbox 1033 2338 1111 2402; x_wconf 89' lang='lat' dir='ltr'><strong>ipsum</strong></span> 
     </span>
     <span class='ocr_line' id='line_1_19' title="bbox 381 2421 1034 2486; baseline -0.002 -17"><span class='ocrx_word' id='word_1_112' title='bbox 381 2422 529 2484; x_wconf 87' lang='lat' dir='ltr'><strong>Lunguorem</strong></span> <span class='ocrx_word' id='word_1_113' title='bbox 547 2422 638 2486; x_wconf 89' lang='lat' dir='ltr'><strong>peperit</strong></span> <span class='ocrx_word' id='word_1_114' title='bbox 655 2421 722 2470; x_wconf 89' lang='lat' dir='ltr'><strong>cibus</strong></span> <span class='ocrx_word' id='word_1_115' title='bbox 740 2422 884 2485; x_wconf 82' lang='lat' dir='ltr'><strong>inperfectus</strong></span> <span class='ocrx_word' id='word_1_116' title='bbox 901 2425 923 2469; x_wconf 89' lang='lat' dir='ltr'><strong>et</strong></span> <span class='ocrx_word' id='word_1_117' title='bbox 937 2421 1034 2469; x_wconf 89' lang='lat' dir='ltr'><strong>haerens</strong></span> 
     </span>
     <span class='ocr_line' id='line_1_20' title="bbox 381 2504 1049 2568; baseline -0.001 -16"><span class='ocrx_word' id='word_1_118' title='bbox 381 2505 480 2553; x_wconf 88' lang='lat' dir='ltr'><strong>Ardenti</strong></span> <span class='ocrx_word' id='word_1_119' title='bbox 499 2505 633 2562; x_wconf 84' lang='lat' dir='ltr'><strong>stomacho;</strong></span> <span class='ocrx_word' id='word_1_120' title='bbox 651 2521 707 2552; x_wconf 89' lang='lat' dir='ltr'><strong>narn</strong></span> <span class='ocrx_word' id='word_1_121' title='bbox 725 2522 784 2568; x_wconf 92' lang='lat' dir='ltr'><strong>quae</strong></span> <span class='ocrx_word' id='word_1_122' title='bbox 801 2504 923 2553; x_wconf 88' lang='lat' dir='ltr'><strong>meritoria</strong></span> <span class='ocrx_word' id='word_1_123' title='bbox 941 2520 1049 2552; x_wconf 90' lang='lat' dir='ltr'><strong>somnum</strong></span> 
     </span>
     <span class='ocr_line' id='line_1_21' title="bbox 380 2586 1010 2651; baseline -0.002 -17"><span class='ocrx_word' id='word_1_124' title='bbox 380 2588 538 2635; x_wconf 79' lang='lat' dir='ltr'><strong>Admittunt?</strong></span> <span class='ocrx_word' id='word_1_125' title='bbox 555 2588 646 2651; x_wconf 85' lang='lat' dir='ltr'><strong>magnis</strong></span> <span class='ocrx_word' id='word_1_126' title='bbox 663 2587 748 2651; x_wconf 88' lang='lat' dir='ltr'><strong>opibus</strong></span> <span class='ocrx_word' id='word_1_127' title='bbox 765 2588 885 2635; x_wconf 85' lang='lat' dir='ltr'><strong>dormitur</strong></span> <span class='ocrx_word' id='word_1_128' title='bbox 902 2588 927 2634; x_wconf 90' lang='lat' dir='ltr'><strong>iu</strong></span> <span class='ocrx_word' id='word_1_129' title='bbox 947 2586 1010 2634; x_wconf 89' lang='lat' dir='ltr'><strong>urbe.</strong></span> 
     </span>
     <span class='ocr_line' id='line_1_22' title="bbox 382 2671 972 2734; baseline 0 -18"><span class='ocrx_word' id='word_1_130' title='bbox 382 2671 438 2718; x_wconf 91' lang='lat' dir='ltr'><strong>lude</strong></span> <span class='ocrx_word' id='word_1_131' title='bbox 455 2675 526 2734; x_wconf 88' lang='lat' dir='ltr'><strong>caput</strong></span> <span class='ocrx_word' id='word_1_132' title='bbox 543 2671 627 2718; x_wconf 87' lang='lat' dir='ltr'><strong>morbi.</strong></span> <span class='ocrx_word' id='word_1_133' title='bbox 649 2672 771 2718; x_wconf 83' lang='lat' dir='ltr'><strong>raedarum</strong></span> <span class='ocrx_word' id='word_1_134' title='bbox 788 2671 904 2718; x_wconf 85' lang='lat' dir='ltr'><strong>transitus</strong></span> <span class='ocrx_word' id='word_1_135' title='bbox 921 2674 972 2717; x_wconf 83' lang='lat' dir='ltr'><strong>arto</strong></span> 
     </span>
     <span class='ocr_line' id='line_1_23' title="bbox 381 2753 989 2801; baseline 0 -2"><span class='ocrx_word' id='word_1_136' title='bbox 381 2754 491 2800; x_wconf 77' lang='lat' dir='ltr'><strong>Virorum</strong></span> <span class='ocrx_word' id='word_1_137' title='bbox 511 2754 597 2800; x_wconf 85' lang='lat' dir='ltr'><strong>inflexu</strong></span> <span class='ocrx_word' id='word_1_138' title='bbox 615 2757 638 2800; x_wconf 85' lang='lat' dir='ltr'><strong>et</strong></span> <span class='ocrx_word' id='word_1_139' title='bbox 655 2755 738 2801; x_wconf 82' lang='lat' dir='ltr'><strong>stantis</strong></span> <span class='ocrx_word' id='word_1_140' title='bbox 756 2753 862 2801; x_wconf 86' lang='lat' dir='ltr'><strong>convicia</strong></span> <span class='ocrx_word' id='word_1_141' title='bbox 879 2754 989 2800; x_wconf 78' lang='lat' dir='ltr'><strong>mandrae</strong></span> 
     </span>
     <span class='ocr_line' id='line_1_24' title="bbox 379 2835 1001 2899; baseline 0.002 -18"><span class='ocrx_word' id='word_1_142' title='bbox 379 2835 488 2897; x_wconf 82' lang='lat' dir='ltr'><strong>Eripieut</strong></span> <span class='ocrx_word' id='word_1_143' title='bbox 505 2852 614 2883; x_wconf 87' lang='lat' dir='ltr'><strong>somnum</strong></span> <span class='ocrx_word' id='word_1_144' title='bbox 635 2837 709 2883; x_wconf 85' lang='lat' dir='ltr'><strong>Druso</strong></span> <span class='ocrx_word' id='word_1_145' title='bbox 728 2836 859 2899; x_wconf 88' lang='lat' dir='ltr'><strong>vitulisque</strong></span> <span class='ocrx_word' id='word_1_146' title='bbox 877 2836 1001 2883; x_wconf 84' lang='lat' dir='ltr'><strong>marinis.”</strong></span> 
     </span>
     <span class='ocr_line' id='line_1_25' title="bbox 281 2917 1450 2980; baseline 0.001 -16"><span class='ocrx_word' id='word_1_147' title='bbox 281 2917 405 2964; x_wconf 83' lang='lat' dir='ltr'><strong>Meritoria</strong></span> <span class='ocrx_word' id='word_1_148' title='bbox 430 2918 473 2965; x_wconf 91' lang='lat' dir='ltr'><strong>illa</strong></span> <span class='ocrx_word' id='word_1_149' title='bbox 495 2919 606 2966; x_wconf 87' lang='lat' dir='ltr'><strong>videntur</strong></span> <span class='ocrx_word' id='word_1_150' title='bbox 629 2935 677 2966; x_wconf 86' lang='lat' dir='ltr'><strong>esse</strong></span> <span class='ocrx_word' id='word_1_151' title='bbox 702 2919 818 2973; x_wconf 80' lang='lat' dir='ltr'><strong>uerrucula,</strong></span> <span class='ocrx_word' id='word_1_152' title='bbox 845 2918 961 2974; x_wconf 87' lang='lat' dir='ltr'><strong>cubicula,</strong></span> <span class='ocrx_word' id='word_1_153' title='bbox 987 2919 1057 2966; x_wconf 84' lang='lat' dir='ltr'><strong>tertia</strong></span> <span class='ocrx_word' id='word_1_154' title='bbox 1074 2917 1185 2973; x_wconf 87' lang='lat' dir='ltr'><strong>tabulata,</strong></span> <span class='ocrx_word' id='word_1_155' title='bbox 1203 2934 1216 2964; x_wconf 90' lang='lat' dir='ltr'><strong>a</strong></span> <span class='ocrx_word' id='word_1_156' title='bbox 1234 2917 1376 2980; x_wconf 87' lang='lat' dir='ltr'><strong>pauperibus</strong></span> <span class='ocrx_word' id='word_1_157' title='bbox 1395 2934 1450 2965; x_wconf 89' lang='lat' dir='ltr'><strong>con-</strong></span> 
     </span>
     <span class='ocr_line' id='line_1_26' title="bbox 280 3001 904 3064; baseline 0.003 -17"><span class='ocrx_word' id='word_1_158' title='bbox 280 3001 356 3047; x_wconf 87' lang='lat' dir='ltr'><strong>ducta.</strong></span> <span class='ocrx_word' id='word_1_159' title='bbox 375 3001 411 3048; x_wconf 81' lang='lat' dir='ltr'><strong>Or.</strong></span> <span class='ocrx_word' id='word_1_160' title='bbox 430 3001 529 3064; x_wconf 86' lang='lat' dir='ltr'><strong>Ruperti</strong></span> <span class='ocrx_word' id='word_1_161' title='bbox 547 3005 570 3049; x_wconf 87' lang='lat' dir='ltr'><strong>et</strong></span> <span class='ocrx_word' id='word_1_162' title='bbox 587 3003 671 3064; x_wconf 79' lang='lat' dir='ltr'><strong>Mayor</strong></span> <span class='ocrx_word' id='word_1_163' title='bbox 688 3003 717 3049; x_wconf 91' lang='lat' dir='ltr'><strong>ad</strong></span> <span class='ocrx_word' id='word_1_164' title='bbox 736 3003 799 3048; x_wconf 90' lang='lat' dir='ltr'><strong>huuc</strong></span> <span class='ocrx_word' id='word_1_165' title='bbox 817 3001 904 3049; x_wconf 86' lang='lat' dir='ltr'><strong>locum.</strong></span> 
     </span>
     <span class='ocr_line' id='line_1_27' title="bbox 312 3084 859 3148; baseline -0.002 -17"><span class='ocrx_word' id='word_1_166' title='bbox 312 3084 366 3131; x_wconf 88' lang='lat' dir='ltr'><strong>Non</strong></span> <span class='ocrx_word' id='word_1_167' title='bbox 383 3100 449 3132; x_wconf 87' lang='lat' dir='ltr'><strong>secus</strong></span> <span class='ocrx_word' id='word_1_168' title='bbox 468 3084 586 3132; x_wconf 83' lang='lat' dir='ltr'><strong>Martialis</strong></span> <span class='ocrx_word' id='word_1_169' title='bbox 602 3086 665 3142; x_wconf 76' lang='grc' dir='ltr'>(ΧΠ,</span> <span class='ocrx_word' id='word_1_170' title='bbox 684 3085 723 3140; x_wconf 85' lang='grc'><strong>57,</strong></span> <span class='ocrx_word' id='word_1_171' title='bbox 743 3086 756 3131; x_wconf 80' lang='grc'><strong>3</strong></span> <span class='ocrx_word' id='word_1_172' title='bbox 774 3088 859 3148; x_wconf 86' lang='lat' dir='ltr'><strong>seqq.):</strong></span> 
     </span>
     <span class='ocr_line' id='line_1_28' title="bbox 381 3167 909 3231; baseline 0 -17"><span class='ocrx_word' id='word_1_173' title='bbox 381 3168 445 3230; x_wconf 81' lang='lat' dir='ltr'><strong>„Nec</strong></span> <span class='ocrx_word' id='word_1_174' title='bbox 462 3168 587 3231; x_wconf 84' lang='lat' dir='ltr'><strong>cogitandi,</strong></span> <span class='ocrx_word' id='word_1_175' title='bbox 605 3169 695 3231; x_wconf 79' lang='lat' dir='ltr'><strong>Sparsa,</strong></span> <span class='ocrx_word' id='word_1_176' title='bbox 714 3184 756 3215; x_wconf 88' lang='lat' dir='ltr'><strong>nec</strong></span> <span class='ocrx_word' id='word_1_177' title='bbox 774 3167 909 3230; x_wconf 87' lang='lat' dir='ltr'><strong>quiescendi</strong></span> 
     </span>
     <span class='ocr_line' id='line_1_29' title="bbox 378 3249 940 3314; baseline 0 -18"><span class='ocrx_word' id='word_1_178' title='bbox 378 3250 407 3296; x_wconf 91' lang='lat' dir='ltr'><strong>In</strong></span> <span class='ocrx_word' id='word_1_179' title='bbox 425 3249 483 3298; x_wconf 90' lang='lat' dir='ltr'><strong>urbe</strong></span> <span class='ocrx_word' id='word_1_180' title='bbox 499 3250 564 3298; x_wconf 86' lang='lat' dir='ltr'><strong>loeus</strong></span> <span class='ocrx_word' id='word_1_181' title='bbox 581 3255 617 3299; x_wconf 88' lang='lat' dir='ltr'><strong>est</strong></span> <span class='ocrx_word' id='word_1_182' title='bbox 634 3250 738 3314; x_wconf 88' lang='lat' dir='ltr'><strong>pauperi.</strong></span> <span class='ocrx_word' id='word_1_183' title='bbox 758 3251 850 3312; x_wconf 85' lang='lat' dir='ltr'><strong>Negant</strong></span> <span class='ocrx_word' id='word_1_184' title='bbox 866 3250 940 3298; x_wconf 86' lang='lat' dir='ltr'><strong>vitam</strong></span> 
     </span>
     <span class='ocr_line' id='line_1_30' title="bbox 379 3331 866 3396; baseline 0.002 -18"><span class='ocrx_word' id='word_1_185' title='bbox 379 3331 439 3380; x_wconf 86' lang='lat' dir='ltr'><strong>Ludi</strong></span> <span class='ocrx_word' id='word_1_186' title='bbox 457 3333 563 3395; x_wconf 82' lang='lat' dir='ltr'><strong>magistri</strong></span> <span class='ocrx_word' id='word_1_187' title='bbox 581 3350 656 3388; x_wconf 88' lang='lat' dir='ltr'><strong>mane,</strong></span> <span class='ocrx_word' id='word_1_188' title='bbox 674 3336 742 3380; x_wconf 86' lang='lat' dir='ltr'><strong>noete</strong></span> <span class='ocrx_word' id='word_1_189' title='bbox 760 3333 866 3396; x_wconf 81' lang='lat' dir='ltr'><strong>pistores,</strong></span> 
     </span>
     <span class='ocr_line' id='line_1_31' title="bbox 378 3414 905 3478; baseline 0.002 -18"><span class='ocrx_word' id='word_1_190' title='bbox 378 3415 530 3462; x_wconf 86' lang='lat' dir='ltr'><strong>Aerariorum</strong></span> <span class='ocrx_word' id='word_1_191' title='bbox 548 3416 648 3464; x_wconf 83' lang='lat' dir='ltr'><strong>marculi</strong></span> <span class='ocrx_word' id='word_1_192' title='bbox 667 3416 706 3462; x_wconf 89' lang='lat' dir='ltr'><strong>die</strong></span> <span class='ocrx_word' id='word_1_193' title='bbox 724 3418 772 3462; x_wconf 89' lang='lat' dir='ltr'><strong>toto</strong></span> <span class='ocrx_word' id='word_1_194' title='bbox 790 3432 809 3463; x_wconf 87' lang='lat' dir='ltr'><strong>e.</strong></span> <span class='ocrx_word' id='word_1_195' title='bbox 828 3432 850 3478; x_wconf 88' lang='lat' dir='ltr'><strong>q.</strong></span> <span class='ocrx_word' id='word_1_196' title='bbox 869 3414 905 3462; x_wconf 56' lang='grc' dir='ltr'><strong>εἶ’</strong></span> 
     </span>
     <span class='ocr_line' id='line_1_32' title="bbox 278 3496 1442 3562; baseline 0.003 -20"><span class='ocrx_word' id='word_1_197' title='bbox 278 3496 314 3543; x_wconf 78' lang='lat' dir='ltr'><strong>Os.</strong></span> <span class='ocrx_word' id='word_1_198' title='bbox 332 3497 433 3545; x_wconf 87' lang='lat' dir='ltr'><strong>eundern</strong></span> <span class='ocrx_word' id='word_1_199' title='bbox 452 3498 480 3555; x_wconf 85' lang='lat' dir='ltr'><strong>X,</strong></span> <span class='ocrx_word' id='word_1_200' title='bbox 498 3497 537 3554; x_wconf 74' lang='lat'><strong>74,</strong></span> <span class='ocrx_word' id='word_1_201' title='bbox 558 3499 603 3545; x_wconf 80' lang='lat'><strong>12:</strong></span> <span class='ocrx_word' id='word_1_202' title='bbox 624 3498 705 3562; x_wconf 74' lang='lat' dir='ltr'><strong>„Quid</strong></span> <span class='ocrx_word' id='word_1_203' title='bbox 723 3498 886 3561; x_wconf 79' lang='lat' dir='ltr'><strong>concupiscam</strong></span> <span class='ocrx_word' id='word_1_204' title='bbox 903 3498 995 3561; x_wconf 89' lang='lat' dir='ltr'><strong>quoeris</strong></span> <span class='ocrx_word' id='word_1_205' title='bbox 1013 3498 1086 3561; x_wconf 82' lang='lat' dir='ltr'><strong>crgo?</strong></span> <span class='ocrx_word' id='word_1_206' title='bbox 1103 3498 1230 3546; x_wconf 87' lang='lat' dir='ltr'><strong>dormire.&#39;’</strong></span> <span class='ocrx_word' id='word_1_207' title='bbox 1250 3525 1280 3533; x_wconf 79' lang='lat'>—</span> <span class='ocrx_word' id='word_1_208' title='bbox 1298 3501 1321 3546; x_wconf 88' lang='lat' dir='ltr'><strong>et</strong></span> <span class='ocrx_word' id='word_1_209' title='bbox 1334 3499 1388 3556; x_wconf 84' lang='grc' dir='ltr'><strong>ΧΠ,</strong></span> <span class='ocrx_word' id='word_1_210' title='bbox 1403 3499 1442 3554; x_wconf 89' lang='grc'><strong>18,</strong></span> 
     </span>
     <span class='ocr_line' id='line_1_33' title="bbox 281 3578 410 3642; baseline 0.016 -18"><span class='ocrx_word' id='word_1_211' title='bbox 281 3578 311 3625; x_wconf 89' lang='grc'><strong>13</strong></span> <span class='ocrx_word' id='word_1_212' title='bbox 330 3595 410 3642; x_wconf 85' lang='lat' dir='ltr'><strong>seqq:</strong></span> 
     </span>
     <span class='ocr_line' id='line_1_34' title="bbox 378 3663 849 3727; baseline 0.008 -19"><span class='ocrx_word' id='word_1_213' title='bbox 378 3663 489 3726; x_wconf 74' lang='lat' dir='ltr'><strong>„lugenti</strong></span> <span class='ocrx_word' id='word_1_214' title='bbox 506 3664 572 3712; x_wconf 81' lang='lat' dir='ltr'><strong>fruor</strong></span> <span class='ocrx_word' id='word_1_215' title='bbox 590 3663 744 3727; x_wconf 87' lang='lat' dir='ltr'><strong>improboque</strong></span> <span class='ocrx_word' id='word_1_216' title='bbox 761 3680 849 3720; x_wconf 86' lang='lat' dir='ltr'><strong>somno,</strong></span> 
     </span>
     <span class='ocr_line' id='line_1_35' title="bbox 376 3745 875 3811; baseline 0.004 -19"><span class='ocrx_word' id='word_1_217' title='bbox 376 3745 453 3808; x_wconf 76' lang='lat' dir='ltr'><strong>Quem</strong></span> <span class='ocrx_word' id='word_1_218' title='bbox 470 3763 512 3794; x_wconf 88' lang='lat' dir='ltr'><strong>nec</strong></span> <span class='ocrx_word' id='word_1_219' title='bbox 529 3747 600 3795; x_wconf 86' lang='lat' dir='ltr'><strong>tertia</strong></span> <span class='ocrx_word' id='word_1_220' title='bbox 617 3763 684 3811; x_wconf 89' lang='lat' dir='ltr'><strong>saepe</strong></span> <span class='ocrx_word' id='word_1_221' title='bbox 703 3747 793 3810; x_wconf 89' lang='lat' dir='ltr'><strong>rumpit</strong></span> <span class='ocrx_word' id='word_1_222' title='bbox 810 3747 875 3805; x_wconf 89' lang='lat' dir='ltr'><strong>hora,</strong></span> 
     </span>
     <span class='ocr_line' id='line_1_36' title="bbox 375 3828 904 3893; baseline 0.006 -19"><span class='ocrx_word' id='word_1_223' title='bbox 375 3828 407 3875; x_wconf 84' lang='lat' dir='ltr'><strong>Et</strong></span> <span class='ocrx_word' id='word_1_224' title='bbox 423 3831 500 3877; x_wconf 85' lang='lat' dir='ltr'><strong>totum</strong></span> <span class='ocrx_word' id='word_1_225' title='bbox 518 3830 578 3878; x_wconf 91' lang='lat' dir='ltr'><strong>mihi</strong></span> <span class='ocrx_word' id='word_1_226' title='bbox 596 3846 660 3878; x_wconf 85' lang='lat' dir='ltr'><strong>nuno</strong></span> <span class='ocrx_word' id='word_1_227' title='bbox 678 3846 771 3893; x_wconf 89' lang='lat' dir='ltr'><strong>repono,</strong></span> <span class='ocrx_word' id='word_1_228' title='bbox 789 3830 904 3893; x_wconf 90' lang='lat' dir='ltr'><strong>quidquid</strong></span> 
     </span>
    </p>
   </div>
   <div class='ocr_carea' id='block_1_5' title="bbox 275 3909 943 4224">
    <p class='ocr_par' dir='ltr' id='par_1_5' title="bbox 275 3909 943 4224">
     <span class='ocr_line' id='line_1_37' title="bbox 375 3909 855 3976; baseline 0.008 -20"><span class='ocrx_word' id='word_1_229' title='bbox 375 3909 420 3957; x_wconf 82' lang='lat' dir='ltr'><strong>Ter</strong></span> <span class='ocrx_word' id='word_1_230' title='bbox 437 3911 507 3959; x_wconf 87' lang='lat' dir='ltr'><strong>denos</strong></span> <span class='ocrx_word' id='word_1_231' title='bbox 525 3913 680 3976; x_wconf 84' lang='lat' dir='ltr'><strong>vigilaveram</strong></span> <span class='ocrx_word' id='word_1_232' title='bbox 699 3930 740 3976; x_wconf 89' lang='lat' dir='ltr'><strong>per</strong></span> <span class='ocrx_word' id='word_1_233' title='bbox 757 3913 855 3960; x_wconf 88' lang='lat' dir='ltr'><strong>annos.&#39;’</strong></span> 
     </span>
     <span class='ocr_line' id='line_1_38' title="bbox 275 3989 943 4058; baseline 0.009 -21"><span class='ocrx_word' id='word_1_234' title='bbox 275 3989 359 4038; x_wconf 88' lang='lat' dir='ltr'><strong>Plures</strong></span> <span class='ocrx_word' id='word_1_235' title='bbox 377 3991 439 4040; x_wconf 88' lang='lat' dir='ltr'><strong>locos</strong></span> <span class='ocrx_word' id='word_1_236' title='bbox 456 3994 509 4042; x_wconf 89' lang='lat' dir='ltr'><strong>vide</strong></span> <span class='ocrx_word' id='word_1_237' title='bbox 526 3997 588 4058; x_wconf 89' lang='lat' dir='ltr'><strong>apud</strong></span> <span class='ocrx_word' id='word_1_238' title='bbox 608 3997 691 4058; x_wconf 77' lang='lat' dir='ltr'><strong>Muyor</strong></span> <span class='ocrx_word' id='word_1_239' title='bbox 709 3996 738 4044; x_wconf 89' lang='lat' dir='ltr'><strong>ad</strong></span> <span class='ocrx_word' id='word_1_240' title='bbox 755 3996 809 4044; x_wconf 90' lang='lat' dir='ltr'><strong>luv.</strong></span> <span class='ocrx_word' id='word_1_241' title='bbox 826 3995 943 4053; x_wconf 78' lang='lat'>111‚235.</span> 
     </span>
     <span class='ocr_line' id='line_1_39' title="bbox 307 4073 619 4140; baseline 0.01 -18"><span class='ocrx_word' id='word_1_242' title='bbox 307 4073 326 4132; x_wconf 77' lang='lat'><strong>²)</strong></span> <span class='ocrx_word' id='word_1_243' title='bbox 352 4074 404 4122; x_wconf 89' lang='lat' dir='ltr'><strong>Iuv.</strong></span> <span class='ocrx_word' id='word_1_244' title='bbox 423 4075 468 4133; x_wconf 89' lang='lat' dir='ltr'><strong>Ill,</strong></span> <span class='ocrx_word' id='word_1_245' title='bbox 487 4077 535 4125; x_wconf 77' lang='lat'><strong>269</strong></span> <span class='ocrx_word' id='word_1_246' title='bbox 556 4094 619 4140; x_wconf 86' lang='lat' dir='ltr'><strong>seqq.</strong></span> 
     </span>
     <span class='ocr_line' id='line_1_40' title="bbox 305 4154 614 4224; baseline 0.023 -22"><span class='ocrx_word' id='word_1_247' title='bbox 305 4154 324 4215; x_wconf 73' lang='lat'><strong>³)</strong></span> <span class='ocrx_word' id='word_1_248' title='bbox 350 4154 410 4204; x_wconf 89' lang='lat' dir='ltr'><strong>lbid.</strong></span> <span class='ocrx_word' id='word_1_249' title='bbox 429 4172 464 4206; x_wconf 85' lang='lat' dir='ltr'><strong>vs.</strong></span> <span class='ocrx_word' id='word_1_250' title='bbox 484 4159 531 4207; x_wconf 81' lang='lat'><strong>286</strong></span> <span class='ocrx_word' id='word_1_251' title='bbox 551 4177 614 4224; x_wconf 84' lang='lat' dir='ltr'><strong>seqq.</strong></span> 
     </span>
    </p>
   </div>
   <div class='ocr_carea' id='block_1_6' title="bbox 0 0 1618 4998">
    <p class='ocr_par' dir='ltr' id='par_1_6' title="bbox 0 0 1618 4998">
     <span class='ocr_line' id='line_1_41' title="bbox 0 0 1618 4998; baseline 0 0"><span class='ocrx_word' id='word_1_252' title='bbox 0 0 1618 4998; x_wconf 95' lang='lat' dir='ltr'><strong> </strong></span> 
     </span>
    </p>
   </div>
  </div>
 </body>
</html>
