3296 5008
855 496 920 562 280

345 671 374 739 b.
420 692 531 740 nonus
556 672 729 759 (neruus).

346 785 574 868 Vocabulum,
610 787 701 875 quod
736 793 786 853 est
819 809 916 872 epona
941 787 1021 854 licet
1050 788 1202 856 absolute
1227 790 1377 876 positum
1402 811 1471 856 sae·

302 901 379 988 pius
408 921 470 987 pro
493 900 661 967 adiectivo
685 900 816 966 dictum
839 901 1046 983 inveniatur,
1072 903 1207 990 proprie
1233 909 1348 969 tamen
1374 903 1469 971 verbi

300 1014 410 1099 qaut
427 1014 663 1101 participium
697 1035 768 1080 esse
799 1014 869 1079 iam
908 1015 1020 1101 primo
1044 1016 1208 1103 adspectu
1233 1017 1470 1104 unusquisque

291 1127 436 1222 dixerit.
504 1129 595 1194 Ante
644 1127 775 1214 aliquot
820 1149 928 1194 annos
974 1150 1055 1196 vero
1102 1129 1280 1215 Landgraf
1313 1129 1340 1216 ¹)
1380 1129 1471 1196 Festi
1516 1183 1518 1186 .

299 1240 617 1329 interpretationem
649 1241 692 1307 ab
727 1240 899 1308 oblivione
946 1243 1144 1310 vindicavit.
1202 1243 1302 1310 Festo
1338 1243 1366 1309 si
1401 1265 1470 1310 cre·

300 1353 378 1421 dere
412 1355 463 1421 fas
496 1362 555 1436 est,
590 1377 679 1441 sycas
711 1355 805 1421 idem
839 1362 888 1421 est
923 1356 1015 1442 quod
1051 1378 1170 1442 capam,
1209 1357 1232 1422 i.
1269 1379 1298 1423 e.
1335 1357 1391 1423 cui
1426 1379 1468 1422 ne

298 1489 383 1554 gens
418 1468 564 1556 quidem,
591 1469 635 1535 sit
666 1467 811 1555 reliqua.
844 1467 870 1554 ²)
916 1469 1100 1554 Landgraf,
1136 1470 1178 1536 de
1215 1469 1320 1537 verbo
1343 1491 1413 1556 epea
1436 1477 1470 1536 et

299 1582 341 1648 de
376 1581 588 1650 substantivo
622 1589 737 1668 matos
770 1582 862 1648 idem
898 1582 1091 1669 perhibens,
1130 1583 1193 1649 hoc
1231 1583 1468 1650 condicionem

298 1695 448 1762 hominis
492 1717 510 1761 e
545 1696 654 1782 patria
690 1695 779 1782 pulsi
812 1696 963 1762 indicare
998 1702 1106 1782 putat,
1149 1695 1235 1761 illud
1269 1696 1362 1762 idem
1396 1718 1465 1763 ease

298 1815 400 1896 atque
438 1815 555 1890 ,extra
588 1815 727 1894 gentem
761 1831 874 1875 meam
908 1811 1018 1876 surn.''
1065 1810 1181 1889 Quam
1205 1810 1404 1896 opinionem
1428 1817 1466 1876 ut

296 1923 508 2008 argumentis
542 1922 730 2004 confirmet,
765 1921 881 1989 locum
914 1923 1032 1988 laudat
1067 1944 1085 1989 e
1125 1923 1224 1990 Livio
1261 1923 1320 2012 (Π,
1351 1925 1382 2006 6,
1407 1925 1462 2011 2);

292 2036 553 2124 ’,(Ταῑᾳιιίηἱυε)
588 2031 684 2102 orare
720 2058 883 2103 maxume
918 2037 1084 2105 Veientes
1118 2037 1464 2125 Tarquiniensesque,

295 2173 338 2218 ne
373 2173 407 2217 se
441 2173 476 2216 ea
509 2151 588 2238 ipsis
621 2156 745 2232 ortum,
778 2150 930 2217 eiusdem
954 2150 1141 2235 sanguinis,
1168 2157 1340 2216 extorrem
1364 2173 1465 2237 egen·

295 2271 366 2331 tem
401 2286 445 2331 ex
469 2271 563 2330 tanto
586 2263 688 2330 modo
712 2285 817 2349 reguo
841 2286 921 2330 cum
946 2263 1060 2329 liberis
1084 2263 1360 2330 adulescentibus
1383 2272 1463 2331 ante

295 2378 410 2445 oculos
459 2399 537 2446 suos
571 2378 682 2465 perire
716 2378 899 2444 sinerent.''
968 2378 1011 2442 Iu
1048 2378 1252 2465 explicando
1289 2379 1354 2445 hoc
1388 2378 1462 2446 loco

191 2487 193 2490 ⁴
294 2490 493 2578 interpretes
537 2493 626 2559 inter
657 2514 691 2558 se
725 2513 795 2557 non
830 2492 1056 2558 consentiunt.
1126 2492 1235 2558 Fuere
1271 2493 1331 2578 qui
1366 2514 1463 2560 voca·

294 2605 384 2672 bulis
415 2606 617 2694 permutatis
657 2613 845 2690 ,egentem
869 2612 1042 2672 extorrem
1064 2627 1108 2671 ex
1144 2612 1271 2672 tanto.
1297 2605 1463 2672 ...''le·

292 2720 446 2806 gendum
480 2727 666 2786 censerent.
712 2720 890 2804 Landgraf
922 2741 1011 2797 vere,
1047 2726 1080 2786 et
1104 2719 1196 2806 quod
1220 2719 1359 2806 dempta
1383 2740 1462 2786 con·

292 2833 466 2900 iunctione
501 2833 662 2900 dissolute
700 2833 867 2914 dicantur,
903 2839 937 2899 et
971 2833 1063 2919 quod
1100 2833 1320 2913 „alliteratio”
1359 2834 1461 2921 (quae

292 2947 397 3033 vulgo
431 2946 571 3032 dicitur)
594 2948 706 3033 figura
729 2948 784 3013 hic
805 2947 920 3013 locum
943 2947 1077 3028 lrabeat,
1103 2947 1273 3014 vocabula
1298 2949 1461 3028 ,extorris

292 3060 440 3147 exgens”
476 3083 518 3127 ex
542 3062 780 3149 antiquissimo
803 3083 959 3127 sermone
983 3061 1129 3127 oriunda
1152 3083 1222 3128 esse
1247 3062 1459 3148 suspicatur;

291 3175 376 3241 dum
410 3196 491 3243 vero
528 3181 681 3262 tempore
716 3175 920 3262 procedente
952 3175 1053 3241 modo
1077 3196 1138 3262 pro
1161 3197 1250 3261 aaa
1272 3176 1374 3244 modo
1397 3197 1460 3262 pro

289 3290 419 3356 saterris
452 3288 546 3355 aliud
587 3289 792 3357 vocabulum
828 3291 870 3356 sit
904 3289 1136 3365 substitutum,
1171 3288 1258 3355 illud
1298 3289 1461 3370 ,extorris

290 3402 414 3488 egens*
445 3402 553 3469 abisse
577 3403 614 3468 in
640 3425 763 3488 „egens
786 3402 888 3469 exul‘
913 3402 1004 3488 (San.
1030 3402 1119 3468 Med.
1138 3403 1204 3488 20),
1221 3402 1459 3487 ,exulegens’'

290 3515 399 3602 (Oros.
433 3517 495 3598 IV,
531 3518 561 3598 5,
597 3518 642 3602 5),
680 3516 862 3603 „expulsus
896 3516 1019 3602 egens”
1055 3516 1459 3602 (clanculariae,

290 3631 378 3718 105),
417 3629 518 3712 ,exul
556 3630 720 3696 extorris''
744 3630 832 3714 (Liv.
859 3631 899 3712 V,
924 3630 977 3711 30,
1005 3631 1049 3717 6),
1078 3629 1177 3710 „exul
1200 3629 1319 3717 inops”
1344 3629 1458 3714 (Ovid.

321 3826 341 3888 ¹)
377 3826 487 3878 Primum
513 3825 616 3875 breviter
641 3827 667 3875 in
696 3827 806 3884 editione,
832 3843 903 3891 quam
929 3827 1020 3892 paravit
1046 3826 1158 3875 orationis
1183 3842 1225 3891 pro
1242 3826 1327 3874 Roscio
1344 3826 1460 3875 Amerino

287 3915 350 3974 (pag.
378 3911 424 3964 178
443 3914 509 3976 seq),
527 3911 611 3960 deinde
628 3911 747 3976 copiosius
765 3911 790 3959 in
808 3910 935 3960 Wdlfflin’s
952 3911 1041 3959 Archiv
1058 3912 1097 3959 sur
1114 3910 1154 3961 lat.
1172 3911 1292 3974 Lexioogr.
1312 3927 1334 3959 u.
1353 3910 1459 3960 Gramm.

287 3992 343 4055 (VII
361 4009 413 4057 pag.
432 3993 479 4047 275
498 3997 572 4058 seqq.)
589 3995 618 4042 de
635 3995 679 4042 hoc
696 3993 810 4044 vocabulo
830 3994 967 4060 disputavit.

320 4076 340 4136 ¹)
374 4076 455 4125 Festus
481 4093 534 4142 pag.
563 4078 610 4130 vv:
641 4078 768 4141 „ligans
795 4077 860 4126 velut
886 4095 978 4141 argens,
1005 4078 1043 4126 cui
1062 4094 1163 4142 negans
1180 4078 1275 4140 quidem
1293 4076 1459 4140 sitreliqoa.”

286 4159 394 4206 Isidorus
419 4159 512 4222 (Origg.
541 4159 570 4216 ll,
593 4161 634 4222 88)
652 4161 713 4209 hanc
730 4160 912 4225 explicationem
930 4162 1016 4209 iterans
1034 4162 1107 4209 dicit:
1127 4162 1221 4226 „Egens
1241 4167 1264 4208 et
1281 4175 1377 4223 egenus,
1395 4165 1460 4209 extra

287 4245 394 4306 gentem
411 4245 435 4291 et
452 4242 503 4290 sine
521 4258 613 4306 genere,
630 4243 667 4292 vel
685 4243 766 4292 minus
783 4244 917 4308 indigens.'’
