3226 4998
602 1695 741 1760 LIBER
766 1694 931 1761 ALTER.

259 1942 328 1998 QUO
352 1942 485 1988 AGITUR
509 1942 554 1986 DE
578 1942 632 2002 IIS,
657 1941 719 1996 QUI
743 1942 787 1987 UT
810 1941 1002 1988 PAUPERUM
1025 1941 1270 1987 CONDIOIONEM
1309 1917 1316 1928 .

328 2065 330 2071 ·
374 2055 558 2100 MELIOREM
583 2055 766 2100 FACERENT
791 2055 933 2100 OPERAM
957 2055 1157 2101 DEDERUNT.

613 2287 731 2335 PARS
756 2286 922 2336 PRIMA.

254 2473 371 2539 Num
403 2474 689 2540 sacerdotes
723 2497 992 2562 pauperum
1027 2475 1273 2542 rationem

650 2589 897 2655 duxerint.

227 2814 270 2879 In
293 2814 471 2880 Prooemio
486 2813 511 2902 ¹)
534 2815 602 2880 iarn
627 2816 836 2882 mentionem
850 2816 914 2881 feci
929 2816 969 2881 de
983 2838 1070 2902 pane
1084 2815 1235 2902 quodam
1248 2836 1351 2902 quem

183 2928 293 2995 Varro
335 2928 417 2993 dicit
451 2928 571 2993 datum
594 2951 664 2994 esse
695 2928 903 3015 quibusdam
927 2929 1059 2994 miseris
1082 2951 1145 3015 ope
1168 2929 1351 3014 indigenti-

182 3041 256 3106 bus,
302 3041 371 3107 Res
405 3041 530 3107 tradita
564 3050 613 3107 est
644 3043 799 3108 aNonio
823 3043 919 3108 cuius
943 3041 1005 3107 sub
1029 3063 1111 3108 voce
1135 3043 1280 3107 Pandere
1302 3063 1350 3107 se·

184 3155 325 3242 quentia
359 3155 464 3221 verba
485 3155 608 3221 laudo:
637 3175 821 3235 „rnunnnn
845 3157 954 3222 Varro
982 3155 1155 3220 existimat
1182 3177 1222 3220 ea
1248 3175 1350 3229 causa

183 3268 260 3349 dici,
293 3269 386 3356 quod
415 3269 474 3356 qui
498 3290 560 3355 opo
584 3270 778 3353 indigerent
799 3276 832 3334 et
855 3268 899 3334 ad
922 3268 1057 3354 asylum
1081 3269 1211 3334 Cereris
1234 3268 1315 3332 conf
1338 3304 1350 3316 -

182 3382 311 3466 gissent
333 3383 431 3468 panis
453 3384 482 3448 is
505 3383 642 3448 daretur
665 3383 770 3469 [pan
785 3383 807 3447 d
820 3405 836 3448 e
850 3404 896 3447 re
913 3404 992 3467 ergo
1006 3381 1103 3468 quasi
1115 3403 1241 3468 panem
1253 3380 1350 3466 dare]

184 3494 225 3560 de
260 3495 332 3561 vita
359 3495 478 3581 populi
512 3496 662 3561 Romani
695 3495 753 3560 lib.
778 3497 815 3561 I:
852 3496 941 3561 hanc
977 3497 1077 3561 deam
1111 3495 1230 3561 Aelius
1253 3501 1351 3581 putat

183 3630 253 3674 csse
289 3608 469 3689 Cererem3
503 3609 562 3674 sed
586 3609 679 3696 quod
701 3609 738 3673 in
757 3609 892 3694 asylum
916 3610 976 3697 qui
999 3609 1230 3694 confugissent
1252 3608 1350 3694 panis
1406 3664 1408 3668 ,

181 3722 380 3802 inderetur,
404 3743 473 3787 esse
497 3744 625 3787 nornen
648 3723 770 3787 fictum
793 3745 813 3788 a
836 3745 924 3809 pane
948 3723 1075 3803 dando;
1100 3722 1349 3809 etquodnum·

183 3856 289 3921 quam
323 3836 444 3900 fanum
477 3835 602 3900 talibus
625 3836 849 3917 clauderetur,
873 3837 994 3902 dictum
1016 3836 1232 3922 pandere
1257 3836 1349 3922 quod

182 3954 232 4014 est
266 3949 428 4034 aperire.''
457 3947 482 4036 ⁹)
517 3949 585 4015 Res
620 3951 824 4036 perantiqua
860 3957 893 4015 et
927 3950 1041 4031 verba,
1078 3949 1188 4031 crede,
1212 3971 1283 4015 non
1305 3970 1349 4015 ex

182 4084 376 4094 ——-—-

219 4140 225 4170 ¹
315 4178 319 4188 .
339 4141 362 4188 8.

216 4143 236 4283 ²i
262 4155 364 4282 Npiririus,
381 4239 433 4287 pag.
452 4224 484 4272 60
501 4224 545 4273 nd.
563 4225 620 4274 Luc.
638 4225 728 4274 Miller
745 4229 804 4291 (pag.
824 4227 856 4273 44
873 4225 928 4275 edit.
947 4225 1119 4288 Meretricum).
