3296 5008
825 487 889 554 272

312 668 409 735 Haec
443 666 587 751 collegia
622 672 739 734 autem
772 667 821 732 ite
851 665 1002 732 officium
1025 687 1127 731 suurn
1151 663 1437 751 exsequebantur,

267 788 307 852 ut
341 803 422 848 oum
453 801 545 846 unus
567 797 611 847 ex
634 782 732 848 sociis
754 786 948 847 extremum
973 780 1062 846 vitae
1087 779 1246 866 spiritum
1268 777 1437 858 edidisset,

268 895 398 962 funeris
437 895 630 982 impensam
653 901 713 961 aut
736 915 874 962 omnem
899 900 959 960 aut
981 915 1025 960 ex
1048 900 1144 980 parte
1166 897 1387 980 praestarent.
1412 889 1438 977 ¹)

268 1007 348 1076 Non
384 1030 494 1096 pauca
524 1009 627 1074 etiam
652 1008 852 1075 communia
875 1006 1031 1094 sepulcra
1054 1006 1280 1094 possidebant,
1305 1007 1339 1070 in
1366 1006 1439 1092 qui·

269 1121 334 1189 bus
357 1128 417 1188 aut
439 1122 514 1209 ipsa
536 1143 680 1209 corpora
705 1128 776 1199 aut,
801 1121 897 1186 utin
922 1119 1140 1187 columbariis
1160 1119 1195 1206 ⁹),
1220 1120 1439 1186 cinerescen-

270 1235 350 1302 dere
373 1234 536 1302 solebant.
561 1234 587 1322 ³)

316 1349 445 1429 Quodsi
468 1350 574 1435 igitur
597 1350 797 1416 tenuiorum
820 1348 963 1434 collegia
972 1349 1040 1415 hoc
1052 1349 1268 1436 potissimum
1281 1347 1438 1413 habuisse

269 1469 411 1545 constat,
443 1470 624 1529 uteorum
648 1462 820 1529 sodalibus
843 1461 884 1528 de
912 1463 1054 1528 honesto
1077 1463 1196 1529 funere
1221 1462 1346 1528 securis
1369 1483 1440 1527 esse

268 1575 395 1658 liceret,
419 1576 541 1644 iisdem
566 1583 681 1643 tamen
698 1577 802 1643 etiam
816 1576 900 1642 alias
911 1575 1075 1642 utilitates
1088 1575 1308 1663 praebebant.
1332 1575 1437 1641 Recte

268 1691 362 1758 enim
385 1690 523 1758 Cicero:
552 1690 668 1772 ,Nihil
692 1696 742 1757 est
764 1696 836 1756 tam
859 1689 990 1756 illustre
1015 1711 1077 1756 nec
1101 1689 1194 1777 quod
1210 1689 1311 1755 latius
1323 1695 1439 1776 pateat

270 1826 374 1892 quam
398 1805 593 1872 coniunctio
617 1805 707 1871 inter
730 1804 888 1870 homines
911 1803 1094 1870 hominum
1109 1809 1142 1870 et
1154 1803 1252 1890 quasi
1265 1802 1434 1891 quaedem

269 1918 412 1985 societas
448 1924 481 1985 et
506 1919 772 1986 communicatio
795 1917 1016 1984 utilitatum.''
1041 1918 1067 2003 ⁴)
1113 1918 1227 1996 Quam
1249 1917 1340 1985 vitae
1363 1939 1443 1984 con·

268 2031 480 2099 iunctionem
516 2031 570 2098 vel
602 2033 753 2099 maxime
791 2031 965 2098 habebant
997 2031 1167 2112 convivia,
1204 2030 1229 2117 ⁶)
1264 2029 1351 2118 quae
1385 2053 1441 2098 va·

269 2145 328 2212 riis
362 2145 403 2212 de
436 2146 556 2228 causis,
596 2153 634 2212 ut
668 2147 706 2211 in
756 2145 890 2232 collegii
924 2145 1059 2233 patroni
1094 2147 1128 2230 ⁸),
1153 2145 1296 2211 deorum
1320 2144 1442 2212 tutele·

269 2259 370 2340 rium,
416 2259 685 2341 demortuorum,
736 2266 940 2341 ceterorum,
965 2259 1132 2326 honorem
1154 2258 1341 2324 inibantur.
1388 2259 1442 2324 Ita

268 2372 466 2440 tenuiorum
500 2373 644 2460 collegia
667 2374 795 2440 mirum
823 2379 991 2458 quantum
1014 2372 1160 2440 valuisse
1184 2372 1338 2460 putanda
1362 2379 1442 2438 sunt

269 2485 313 2552 ad
347 2492 485 2552 mutuas
518 2487 713 2554 sodalitates
736 2487 1053 2573 familiaritatesque
1077 2486 1287 2566 nutriendas,
1311 2485 1347 2551 in
1372 2507 1440 2572 quo

269 2621 312 2666 ne
346 2600 381 2665 id
417 2599 558 2688 quidem
592 2608 642 2668 est
674 2601 1033 2688 praetermittendum,
1069 2601 1106 2665 in
1141 2599 1200 2666 illa
1235 2621 1305 2665 non
1328 2599 1440 2665 solum

271 2902 346 2967 nangis
371 2919 442 2968 quem
468 2902 573 2967 perlegi:
601 2903 715 2968 Surugue,
741 2905 785 2953 hes
802 2903 901 2969 collegis
918 2903 1053 2953 tenuiorum
1071 2903 1147 2965 (Paris
1166 2903 1248 2964 1894),
1265 2906 1288 2952 et
1306 2901 1381 2967 Gilly,
1399 2903 1443 2951 hes

270 2984 371 3050 colliges
387 2984 519 3036 luneraires
536 3002 590 3035 sons
607 2985 690 3052 l'emp.
706 3003 765 3037 rom.
783 2987 860 3049 (Aleis
878 2986 960 3046 less).
1367 2994 1370 3000 ’

310 3066 328 3129 ¹)
361 3069 465 3118 Pecunia
490 3069 543 3128 isla,
564 3085 622 3133 qnae
640 3069 804 3134 appellabatur
816 3069 999 3135 suaeraties'um,
1016 3073 1069 3134 post
1085 3074 1184 3119 mortem
1201 3068 1302 3134 collegae
1319 3069 1444 3118 heredibus

271 3151 485 3210 adnumerahstor;
503 3152 614 3201 intestato
632 3153 720 3202 mortni
737 3154 800 3218 apud
817 3152 943 3217 collegium
961 3153 1102 3202 remanebat.
1125 3153 1160 3202 lh
1172 3152 1223 3216 lege
1231 3152 1324 3216 collegii
1334 3151 1445 3202 salutaris

272 3237 391 3287 cultorum
414 3235 504 3284 Dianae
521 3239 544 3283 et
560 3236 661 3284 Antinoi
680 3236 743 3296 (vide
761 3252 813 3300 pag.
832 3237 889 3296 269)
908 3236 1031 3301 „quisquis
1048 3253 1076 3284 ex
1093 3252 1240 3300 quacumque
1255 3251 1324 3284 causa
1344 3239 1443 3284 mortem

271 3321 318 3371 sihi
336 3319 492 3381 adscirer(at),
509 3318 560 3368 eius
578 3319 638 3366 ratio
655 3319 746 3368 funeris
764 3336 811 3368 non
829 3319 1001 3381 habehlalturJ'

306 3403 326 3464 ²)
360 3403 396 3451 De
421 3399 574 3450 columberiis
600 3402 629 3449 os.
653 3401 730 3467 Msrq.
748 3401 860 3451 Privotl.²
877 3418 928 3467 pag.
947 3402 995 3455 370
1013 3419 1077 3467 seqq.
1094 3406 1117 3451 ct
1133 3402 1301 3466 antiquitatum
1318 3402 1444 3461 thesauros,

273 3501 332 3552 quos
349 3484 474 3534 sescenties
490 3483 538 3532 iam
556 3483 626 3533 attuli
643 3483 861 3549 (Pauly-wissowa,
878 3485 1022 3550 Daremherg
1038 3489 1061 3534 et
1078 3484 1163 3550 Saglio,
1181 3485 1314 3550 Ruggiero).

305 3568 326 3629 ³)
360 3568 395 3616 De
421 3565 589 3624 monumentis,
616 3567 772 3625 funeratioiis,
794 3567 894 3626 inferiis,
917 3568 981 3616 cenis
998 3567 1118 3626 feralibus,
1135 3567 1239 3617 lucernis
1255 3568 1391 3618 cottidianis
1405 3569 1445 3629 (cf.

273 3652 301 3702 G.
315 3651 335 3701 1.
353 3651 380 3701 L.
397 3650 432 3708 ΙΙ,
450 3648 534 3712 3102),
551 3649 641 3707 esteris,
659 3649 754 3714 singula
770 3651 879 3715 persequi
896 3650 957 3700 mihi
974 3667 1022 3700 non
1039 3655 1112 3700 vacat.
1129 3650 1209 3700 Multa
1226 3667 1281 3700 sane
1295 3651 1446 3702 illustrantur

271 3733 476 3799 inscriptionibus,
501 3749 560 3797 qnas
587 3733 641 3781 vide
667 3733 730 3798 epod
756 3733 881 3797 Weltzing.
916 3733 944 3782 In
968 3734 1053 3798 primis
1070 3735 1193 3799 spectanda
1209 3737 1244 3783 est
1262 3734 1385 3784 Lanuvino
1402 3734 1446 3785 ills

272 3817 366 3881 collegii
383 3816 473 3866 Disnee
490 3819 513 3865 et
530 3816 630 3866 Antinoi
647 3816 677 3865 ad
691 3815 790 3880 collegia
807 3816 925 3865 funeraria
942 3816 1078 3881 explicanda
1094 3817 1241 3882 gravissima,
1255 3819 1283 3866 de
1300 3833 1346 3882 qus
1355 3818 1447 3884 copiose

272 3899 401 3966 dispulerit
418 3899 552 3949 Mommsen
570 3899 587 3948 l.
604 3898 622 3948 l.
639 3914 692 3963 pag.
711 3899 742 3948 93
760 3915 824 3962 seqq.

306 3983 326 4042 ⁴)
359 3981 696 4040 creponensem.

307 4065 326 4124 ι)
360 4064 410 4113 Cio.
428 4064 478 4114 est.
497 4065 552 4115 mai.
572 4065 611 4122 13,
629 4065 670 4114 45.
705 4065 740 4114 De
762 4063 917 4129 collegiorum
936 4066 1054 4115 conviviis
1072 4067 1121 4116 dixi
1137 4083 1188 4131 pag.
1199 4066 1247 4116 249
1257 4081 1322 4132 seqq.
1339 4067 1378 4129 (ln
1387 4067 1445 4118 titu-

274 4146 299 4196 lo
323 4146 448 4196 Ianodne
473 4151 508 4197 est
525 4147 551 4197 II
569 4147 600 4196 33
618 4151 691 4212 seq.):
711 4147 760 4213 ,Ut
775 4147 850 4213 quieti
867 4152 893 4197 et
910 4148 996 4198 hilares
1013 4149 1096 4199 diebus
1114 4149 1269 4200 sollemnibus
1287 4149 1447 4215 epulemur.”)

309 4229 329 4290 ⁸)
362 4229 400 4278 nd
425 4233 533 4295 sumptus
559 4229 692 4281 tolerandos
710 4233 828 4296 patronus
844 4231 895 4296 ipse
911 4232 1022 4297 pecunias
1038 4233 1092 4282 dare
1109 4233 1205 4284 solebat.
1223 4233 1260 4284 Ol.
1278 4249 1348 4300 snpra
1365 4233 1392 4299 (l.
1409 4233 1445 4298 l.).
1515 4242 1520 4258 ¹
