3296 5008
847 439 912 508 212

288 619 424 689 videtur
457 642 528 688 esse
565 620 788 709 repudianda,
824 621 917 710 quod
951 621 995 688 ad
1031 620 1313 688 frumentationes
1349 613 1459 689 uirilis

289 740 424 800 tantum
459 757 569 817 sexus,
604 735 712 801 immo
746 736 811 801 viri
846 735 965 817 adulti,
994 733 1119 822 quibus
1141 733 1345 821 suffragium
1373 736 1463 802 ferre

288 847 421 929 licebat,
457 848 501 914 ad
534 848 698 915 alimenta
729 855 847 916 contra
871 849 914 914 ab
937 849 1035 915 initio
1059 871 1140 915 cum
1166 849 1296 916 Romae
1325 855 1401 914 tum
1424 851 1462 914 in

290 961 389 1027 Italia
423 967 456 1028 et
491 963 588 1048 pueri
623 969 657 1028 et
690 963 824 1050 puellae
845 962 1124 1044 admittebantur,
1150 962 1177 1050 ¹)
1203 963 1262 1050 qui
1285 969 1463 1050 praeterea

288 1076 392 1142 variis
412 1075 610 1142 nominibus
633 1083 731 1142 erant
754 1078 872 1154 notati,
896 1084 935 1142 nt
958 1077 1056 1164 pueri
1079 1075 1280 1164 puellaeque
1306 1076 1461 1163 Ulpiani,

287 1189 421 1276 puellae
451 1189 703 1270 Faustinianas,
730 1211 838 1256 novae
862 1191 1115 1272 Faustinianas,
1141 1190 1275 1277 puellae
1300 1196 1333 1257 et
1358 1192 1458 1277 pueri

288 1302 548 1370 Mammaeanae
572 1309 606 1369 et
629 1303 873 1371 Mammaeani.
1295 1381 1297 1385 ¹

331 1408 400 1475 Res
423 1408 638 1475 alimentaria
660 1410 788 1496 optime
811 1409 1001 1476 illustratur
1022 1408 1156 1476 duobus
1180 1410 1343 1476 maximis
1356 1410 1459 1477 docu-

288 1523 422 1604 mentis,
458 1523 501 1588 66
535 1544 621 1606 quae
656 1523 743 1588 mihi
773 1523 989 1590 redeundum
1014 1525 1084 1590 fore
1109 1546 1212 1609 supra
1238 1524 1321 1589 dixi.
1368 1523 1458 1590 Sunt

286 1637 423 1703 tabulae
457 1637 627 1721 Ligurum
657 1636 896 1703 Baebanorum
919 1645 953 1704 et
976 1637 1194 1715 Veleiatium,
1222 1659 1309 1725 quae
1334 1637 1455 1722 legun·

286 1757 342 1818 tur
365 1751 402 1818 0.
426 1751 453 1816 l.
478 1751 515 1816 L.
541 1751 602 1832 IX,
628 1751 714 1817 1455
738 1752 795 1837 (τ-
819 1751 961 1818 Henzen
984 1753 1084 1834 6664)
1108 1759 1143 1817 61
1161 1752 1222 1832 XI,
1244 1753 1339 1818 1147.
1353 1753 1459 1838 Ligu-

287 1887 366 1932 rum
389 1864 738 1950 Baebianorumjerat
760 1865 893 1931 colonia
916 1865 943 1951 ⁹)
968 1865 1192 1952 haudprocul
1210 1887 1230 1930 a
1246 1867 1456 1947 Benevent0,

287 2001 308 2046 6
332 1978 457 2066 quibus
480 1979 572 2044 dicta
594 1986 644 2045 est
667 1979 794 2059 tabula,
808 2001 905 2066 quae,
919 1980 1104 2046 admodum
1117 1979 1229 2046 lacera
1241 1979 1300 2046 1116
1313 1981 1458 2067 quidem

287 2114 326 2159 ac
363 2092 530 2173 mutilata,
561 2114 651 2159 anno
677 2095 763 2158 1831
787 2094 824 2159 in
847 2095 911 2159 ista
934 2095 1071 2176 regione
1096 2101 1230 2181 reperta
1252 2100 1323 2175 est;
1348 2094 1457 2161 altera

286 2228 367 2274 vero
402 2206 519 2272 tabula
556 2228 647 2272 anno
683 2208 768 2272 1747
799 2207 920 2273 effossa
943 2214 993 2273 est
1015 2215 1153 2294 propter
1178 2207 1390 2274 Placentiam
1416 2230 1458 2275 eo

287 2320 371 2401 loco,
396 2321 457 2386 ubi
480 2321 655 2408 quondam
678 2321 797 2389 Veleia
821 2321 944 2386 161116
970 2321 1082 2387 Gallia
1101 2321 1303 2408 Cispadane.
1347 2322 1455 2388 Disci-

287 2455 364 2500 mus
399 2441 515 2500 autem
550 2455 593 2500 ex
617 2435 670 2500 his
694 2435 927 2500 monumentis
952 2435 1140 2501 Traianum
1165 2435 1360 2522 municipiis
1384 2435 1459 2502 istis

287 2547 453 2636 quasdam
466 2549 630 2634 pecuniae
642 2570 794 2614 summas
806 2549 1017 2629 concessisse,
1028 2571 1071 2615 ex
1085 2571 1233 2636 quarum
1244 2550 1356 2615 usuris
1365 2555 1458 2615 certo

286 2683 472 2749 puerorum
494 2661 756 2749 puellarumque
780 2663 923 2748 inopum
944 2685 1088 2729 numero
1102 2670 1276 2729 menstrua
1289 2663 1455 2728 darentur

285 2776 458 2854 alimenta,
486 2761 633 2864 illaeque
660 2798 814 2842 summae
837 2784 876 2841 61
899 2777 1065 2842 cautiores
1089 2783 1209 2856 essent,
1239 2777 1394 2842 statuisse
1419 2782 1459 2844 ut

286 2890 555 2977 municipiorum
589 2890 690 2970 cives,
727 2891 787 2978 qui
822 2891 946 2958 fundos
980 2891 1157 2972 haberent,
1184 2890 1265 2956 inde
1294 2890 1459 2976 pecunias

286 3004 438 3090 accipere
462 3003 581 3070 liceret
606 3004 669 3071 hac
693 3004 778 3090 lege,
804 3011 842 3070 ut
862 3005 905 3070 ob
918 3011 1093 3092 acceptam
1107 3004 1289 3091 pecuniam
1304 3004 1461 3090 ipsorum

285 3268 385 3331 11966116
410 3270 436 3318 16
462 3269 630 3335 disputationis
655 3272 720 3328 fiae.)
746 3272 816 3336 Quod
833 3272 934 3335 denique
950 3269 1085 3318 Mommsen
1109 3285 1136 3317 ex
1154 3269 1211 3331 Cap.
1234 3267 1265 3316 25
1283 3282 1376 3330 quoque
1393 3267 1464 3314 affert

285 3352 355 3400 verba
382 3353 548 3418 „locupletatas
574 3353 666 3404 trihus''
692 3383 724 3391 -
750 3360 813 3403 totus
838 3355 904 3403 locus
930 3359 980 3402 est:
1009 3353 1078 3418 ,Nisi
1109 3368 1164 3400 vero
1181 3350 1266 3399 leviter
1283 3349 1367 3412 attingi
1385 3348 1464 3412 placet

284 3435 435 3499 locupletatas
452 3437 528 3485 tribus
546 3437 674 3501 datumque
690 3437 836 3502 congiarium
855 3437 950 3501 populo,
970 3441 993 3486 ct
1010 3437 1090 3485 datum
1109 3440 1192 3492 totum,
1211 3449 1266 3482 cum
1283 3432 1389 3481 donativi
1407 3448 1462 3494 par-

285 3522 332 3568 tem
354 3518 443 3568 milites
460 3520 625 3583 accepissent.”
644 3549 676 3557 -
693 3521 751 3585 Cap.
770 3521 801 3568 26
819 3523 914 3570 demum
934 3525 1013 3568 narrat
1028 3520 1145 3568 Traianus
1162 3519 1190 3566 (16
1208 3517 1339 3566 infantibus
1357 3515 1463 3580 principi

285 3601 405 3651 ostentatis
424 3607 447 3650 et
463 3601 492 3650 ab
509 3619 536 3651 eo
553 3604 658 3668 receptis.
693 3605 743 3668 Ege
761 3605 834 3667 igitur
850 3604 912 3652 illud
929 3605 1089 3666 locupletatae
1106 3602 1180 3650 161166
1196 3601 1285 3664 6661ρί6
1303 3599 1332 3648 (16
1341 3598 1463 3662 congiario

286 3686 374 3751 populo
391 3701 432 3751 par
448 3686 524 3735 tribus
542 3687 635 3744 donato,
651 3692 678 3736 nt
695 3687 813 3736 Martialis
831 3688 859 3735 de
873 3687 1010 3734 Domitiano
1027 3686 1104 3748 (VIII,
1123 3685 1161 3738 15.
1179 3687 1220 3738 41:
1240 3685 1287 3748 1,111
1297 3683 1374 3732 (111661
1383 3683 1463 3731 Latiae

285 3770 354 3818 tertia
378 3770 439 3819 dona
460 3769 552 3819 tribns’'
578 3797 608 3806 -
627 3774 650 3819 et
666 3770 819 3826 Claudianus,
838 3770 951 3834 Panegyr.
969 3770 998 3818 de
1015 3776 1078 3817 66116
1098 3783 1165 3816 cons.
1182 3768 1274 3816 Honor.
1292 3783 1327 3814 vs.
1346 3765 1378 3818 72
1396 3781 1463 3829 seq.=

287 3853 389 3917 „Tecum
407 3853 527 3918 praelarga
547 3855 639 3904 vocavit
658 3855 771 3902 Ditandas
788 3855 817 3902 ad
834 3854 895 3902 dona
912 3852 1015 3902 tribus.”
1059 3845 1063 3850 ⁵

323 3938 338 3996 ¹)
373 3937 438 3985 Num
466 3954 490 3985 re
516 3953 569 3986 vera
594 3937 622 3986 ab
643 3937 713 3986 161116
730 3937 756 3985 16
774 3937 824 4002 ipse
842 3937 899 3984 urbe
917 3937 991 3984 Roma
1008 3935 1101 4000 puellas
1119 3950 1212 3998 quoque
1229 3932 1345 3982 admissae
1362 3932 1463 3990 fuerint,

286 4017 349 4066 illud
366 4019 462 4082 quidem
479 4037 527 4068 non
544 4037 640 4084 prorsus
657 4024 754 4077 6666161,
772 4023 852 4068 contra
870 4019 966 4068 Henzen
984 4027 1062 4067 tamen
1081 4017 1090 4064 l
1121 4017 1138 4066 1,
1161 4033 1212 4080 pag.
1232 4016 1263 4064 24
1280 4019 1304 4064 et
1321 4015 1463 4064 Hirschfeld

287 4101 313 4149 in
330 4101 419 4150 Philol.
436 4102 453 4150 1.
475 4102 562 4168 1.ζρ63.
584 4104 613 4153 10
631 4104 738 4168 probarit
755 4105 846 4167 Sauppe
863 4103 889 4151 in
907 4102 997 4151 Philol.
1016 4101 1081 4149 XXX
1099 4100 1191 4159 (1870),
1210 4115 1262 4164 pag.
1281 4099 1329 4147 134
1347 4114 1411 4162 seqq.

320 4183 340 4245 ²)
374 4184 411 4233 (11.
426 4185 828 4245 Liv.xt‚37;3e;41;rlin.N.
840 4181 1464 4249 Η.ΙΙΙ,111115ς16636,11616.1111.11366ς.268.
