3226 4998
711 503 731 566 5

128 679 333 766 coepissent,
368 678 432 745 hoc
466 679 531 746 iter
566 680 766 746 continuare
802 679 910 745 coacti
938 683 1044 744 erant.
1092 679 1140 746 Ut
1163 679 1304 745 ineunte

129 793 200 858 hoc
235 790 368 857 saeculo
392 791 428 857 in
451 792 563 858 Gallia
590 792 801 879 perturbatio
825 791 983 858 omnium
1006 814 1123 858 rerum
1145 791 1225 858 tulit
1248 793 1306 858 do-

129 907 307 971 minatum
329 905 546 992 NapoleoniS,
567 907 615 972 ita
638 907 769 972 Romae
794 905 980 972 domestica
1003 904 1093 972 bella
1119 905 1213 972 hunc
1237 907 1306 971 exi-

131 1027 213 1084 tum
246 1017 452 1101 habuerunt,
487 1028 526 1084 ut
548 1020 585 1084 in
608 1020 745 1086 civitate
767 1041 903 1085 summa
926 1019 1084 1085 omnium
1105 1040 1222 1085 rerum
1244 1020 1305 1084 uni

132 1133 333 1198 deferretur.
381 1133 428 1198 At
465 1133 623 1199 Caesares
656 1134 716 1221 qui
748 1133 864 1199 omnia
896 1133 1072 1217 dignitatis
1094 1133 1306 1198 incrementa

133 1244 266 1333 populi,
290 1246 312 1312 i.
336 1267 364 1312 e.
389 1245 539 1312 urbanae
564 1246 681 1332 plebis,
706 1246 845 1313 arbitrio
869 1244 1049 1327 debebant,
1074 1245 1119 1312 ad
1140 1245 1306 1312 illiusnu-

133 1366 214 1424 tum
248 1365 281 1426 et
309 1359 522 1426 voluntatem
553 1366 640 1426 totos
675 1382 708 1426 se
747 1365 944 1427 convertere
967 1381 1102 1426 necesse
1126 1365 1207 1426 erat.
1254 1360 1322 1438 Ne,

134 1473 328 1539 tumultum
350 1473 491 1539 iniceret
510 1474 656 1560 civitati„
671 1495 741 1540 non
754 1473 865 1539 solum
877 1474 1092 1539 frumentum
1107 1472 1305 1540 distribuere

135 1586 335 1673 pergebant,
360 1587 419 1652 sed
441 1587 537 1653 varia
559 1588 732 1672 congiaria
755 1586 935 1668 addebant,
960 1593 999 1652 ut
1021 1587 1104 1668 vini,
1129 1586 1216 1667 salis,
1230 1586 1305 1667 olei,

136 1701 259 1781 carnis,
283 1700 489 1782 tunicarum,
509 1702 707 1782 mariarum,
721 1707 756 1766 at
768 1701 918 1766 maxime
931 1700 1118 1787 praesentis
1130 1699 1305 1787 pecuniae.

135 1815 217 1880 Non
247 1835 381 1900 semper
404 1814 501 1880 facile
525 1821 575 1880 est
599 1815 643 1880 ad
667 1815 928 1880 diiudicandum
950 1820 1069 1880 utrum
1093 1814 1178 1880 haec
1200 1814 1307 1900 impe·

136 1935 292 1994 ratarum
314 1928 550 1994 munificentia
573 1929 707 2014 privata
730 1950 775 1994 an
798 1926 936 2014 publica
959 1926 1116 1993 ducenda
1136 1928 1188 1994 sit.
1217 1927 1307 1993 Iuris

134 2041 282 2107 consulti
316 2041 477 2128 quidem:
516 2064 588 2122 „res
618 2041 750 2108 fiscales
775 2041 874 2129 quasi
909 2041 1065 2128 propriae
1097 2046 1130 2106 et
1152 2041 1305 2128 privatae

135 2155 301 2241 principis
323 2156 434 2221 sunt.''
469 2154 493 2243 ¹)
517 2155 563 2220 At
586 2178 630 2220 ex
653 2156 733 2222 fisco
753 2177 824 2221 non
847 2155 962 2220 minus
986 2175 1092 2241 quam
1110 2176 1153 2220 ex
1176 2154 1306 2220 aerario

135 2268 311 2354 impensae
335 2268 491 2355 publicae
514 2269 757 2336 tolerabantur.
804 2269 943 2334 Praeter
966 2268 1087 2354 fiscum
1110 2274 1227 2334 autem
1249 2289 1306 2334 ex·

137 2381 248 2448 stabat
281 2382 528 2468 patrimonium
562 2389 741 2470 ceteraque
774 2404 827 2449 res
845 2382 1022 2448 familiaris
1045 2381 1206 2462 Caesaris
1233 2382 1306 2468 qui-

137 2494 201 2560 bus
234 2495 405 2582 principes
440 2517 511 2562 non
544 2518 620 2561 raro
654 2496 839 2563 utebantur
862 2496 906 2562 ad
928 2495 1099 2562 aerarium
1113 2494 1307 2562 iuvandum

138 2608 193 2674 vel
216 2608 260 2674 ad
283 2609 373 2674 dona
396 2609 510 2674 danda
533 2609 670 2696 popule.

182 2721 261 2787 Non
287 2722 397 2787 solum
421 2722 589 2804 Caesarea,
613 2745 736 2790 verum
759 2724 863 2789 etiam
886 2723 989 2789 ceteri
1012 2723 1231 2808 magistratus
1247 2744 1306 2808 po·

140 2833 213 2921 puli
235 2835 424 2901 rationibus
447 2835 649 2902 serviebant.
695 2837 749 2902 Ita
772 2837 913 2924 quidem
937 2836 1054 2902 omnia
1076 2857 1174 2902 versa
1197 2843 1305 2918 erant,

142 2955 180 3013 ut
212 2948 320 3014 libera
347 2971 382 3015 re
410 2949 548 3035 publica
571 2951 615 3015 ad
638 2951 744 3016 finem
767 2956 971 3037 properante
995 2949 1214 3034 magistratus
1238 2971 1308 3016 sae-

142 3082 328 3146 penumero
360 3083 404 3128 ex
427 3084 538 3128 errore
561 3063 740 3150 imperitae
765 3062 996 3129 multitudinis
1008 3048 1209 3149 penderent,
1227 3063 1308 3129 an-

143 3196 257 3240 sarum
280 3181 398 3240 contra
421 3183 529 3242 aetate
554 3177 591 3241 in
614 3176 698 3242 urbe
721 3176 813 3262 leges
836 3175 985 3242 ambitus
1007 3181 1185 3256 cessarent,
1207 3176 1308 3262 ,quia

144 3288 186 3352 ad
219 3310 338 3353 curam
360 3289 524 3375 principis
548 3290 811 3374 magistratuum
834 3289 959 3355 creatio
983 3287 1212 3376 pertine(ba)t,
1237 3309 1308 3354 non

144 3402 187 3468 ad
209 3401 328 3488 populi
351 3403 535 3468 favorem.'’
562 3401 587 3489 Β)
618 3404 680 3468 Αἵ
704 3403 764 3490 qui
787 3403 831 3468 ad
854 3423 981 3487 magna
1000 3409 1034 3468 et
1056 3403 1223 3468 honorata
1247 3401 1309 3466 mi·

144 3516 282 3580 nisteria
298 3515 443 3601 produci
466 3523 639 3603 cuperent,
664 3538 720 3582 eos
743 3538 813 3582 non
836 3517 951 3582 minus
975 3537 1081 3603 quam
1104 3521 1205 3582 antea
1227 3515 1309 3582 libe·

145 3628 285 3694 ralitatis
308 3628 437 3694 famam
460 3629 632 3715 collegisse
646 3630 831 3717 oportebat.
852 3628 878 3717 ³)
902 3630 1014 3696 immo
1030 3651 1195 3716 proceres,
1209 3630 1237 3695 si
1249 3650 1310 3716 pro

146 3742 310 3828 dignitate
334 3743 450 3809 vivere
472 3744 665 3830 cupiebant,
690 3745 794 3811 variis
817 3745 927 3810 modis
950 3742 1118 3831 populum
1142 3743 1186 3808 ad
1209 3743 1310 3809 socie·

146 3862 250 3921 tatem
274 3855 443 3921 bonorum
467 3879 606 3922 suorum
628 3879 748 3924 vocare
772 3857 951 3924 debebant.
999 3858 1088 3922 Cum
1109 3862 1225 3922 autem
1238 3877 1312 3922 mu-

182 4049 199 4110 l)
225 4049 323 4114 Ulpian.
341 4049 396 4112 Dig.
414 4050 502 4108 XLIII,
521 4051 543 4107 8,
563 4051 585 4109 2,
603 4054 626 4102 4.

181 4133 201 4195 ²)
219 4133 274 4196 Dig.
291 4133 399 4191 XLVIII,
419 4134 458 4213 lt,
478 4134 499 4182 l.

182 4215 202 4276 ³)
219 4217 255 4264 Cf.
275 4215 415 4274 Pdhlmanu,
433 4217 562 4267 Iibervdlk.
580 4218 603 4266 d.
621 4217 696 4267 antii.
715 4217 868 4274 Grosssttdta
886 4233 936 4282 pag.
955 4219 995 4266 43.
