3274 4998
864 509 928 575 112

302 685 529 772 quantitatem
553 686 879 753 circumscriberent.
925 687 1018 766 Quid
1041 686 1135 773 quod
1156 685 1249 772 apud
1271 706 1333 750 nos
1345 706 1467 750 usurae

302 799 425 864 modus
447 799 537 866 ultro
559 801 789 867 terminatur?

345 912 587 980 Faeneratores
620 914 803 1001 multiplici
838 914 970 980 invidia
1009 914 1168 998 flagrasse
1196 935 1240 978 ex
1261 912 1364 979 variis
1385 911 1469 977 locis

301 1026 399 1091 facile
423 1035 573 1114 apparet.
598 1029 790 1094 Nonnullos
813 1029 964 1094 afferam.
989 1028 1072 1093 Cato
1095 1028 1132 1092 in
1148 1027 1326 1092 Prooemio
1339 1024 1365 1111 1)
1376 1025 1469 1090 illius

300 1138 380 1204 libri
402 1162 506 1227 quem
528 1143 661 1228 scripsit
684 1143 725 1208 de
749 1143 823 1228 agri
845 1143 980 1208 cultura
1002 1143 1067 1207 hoc
1091 1141 1194 1206 dicit:
1222 1140 1388 1220 „Maiores
1410 1159 1470 1203 no-

301 1253 362 1318 stri
384 1254 431 1320 sio
454 1254 651 1321 habuerunt
671 1262 704 1322 et
726 1257 774 1321 ita
796 1257 834 1320 in
856 1255 990 1341 legibus
1015 1255 1224 1342 posiverunt,
1248 1255 1360 1319 furem
1372 1251 1470 1338 dupli

301 1366 532 1450 condemnari,
556 1369 783 1435 feneratorem
813 1369 1007 1456 quadrupli.
1032 1375 1160 1456 quanto
1184 1368 1335 1454 peiorem
1358 1367 1471 1433 civem

303 1481 532 1548 existimarint
550 1483 777 1549 feneratorem
789 1505 894 1570 quam
914 1484 1036 1564 furem,
1059 1483 1140 1548 hinc
1152 1481 1469 1548 licetexistimare.''

302 1593 402 1660 Idem
424 1596 585 1662 Cicerone
609 1604 745 1663 auctore
769 1597 937 1663 faenerari
959 1619 1030 1662 non
1051 1597 1160 1681 magis
1172 1596 1301 1661 iustum
1312 1616 1383 1660 esse
1395 1616 1472 1660 cen-

302 1715 353 1774 set
374 1731 480 1795 quam
499 1711 678 1777 hominem
696 1711 859 1777 occidere.
874 1709 901 1797 9)
925 1749 970 1760 -
993 1710 1137 1776 Plautus
1149 1710 1378 1776 faeneratores
1390 1730 1471 1774 cum

301 1822 483 1889 lenonibus
505 1825 626 1890 eodem
647 1824 721 1891 loco
745 1831 779 1890 et
802 1847 946 1890 numero
958 1823 1071 1889 habet.
1085 1822 1111 1910 8)
1140 1862 1184 1872 -
1206 1823 1324 1888 Cicero
1337 1822 1468 1888 scribit:

305 1936 568 2023 „improbantur
590 1939 616 2003 ii
639 1945 808 2025 quaestus,
823 1939 883 2026 qui
895 1939 933 2003 in
945 1939 1023 2004 odia
1035 1938 1218 2003 hominum
1229 1938 1418 2017 incurrunt,
1431 1943 1471 2000 ut

301 2051 514 2138 portitorum,
539 2057 578 2116 ut
600 2052 883 2118 faeneratorum.''
897 2054 923 2139 ⁴)
957 2052 1057 2117 Idem
1079 2052 1124 2117 ad
1134 2051 1290 2116 Atticum
1301 2072 1381 2116 oum
1392 2072 1470 2116 con-

301 2171 436 2252 temptu
471 2164 621 2252 quodam
649 2165 857 2233 vocabulum
879 2165 1072 2231 tocullionis
1095 2171 1247 2251 usurpat.
1256 2165 1280 2252 ⁵)
1304 2203 1348 2213 -
1370 2163 1469 2230 Colu-

302 2277 424 2344 mella:
452 2279 528 2359 ,ΑΒ
550 2279 735 2346 foeneratio
758 2279 966 2367 probabilior
994 2280 1046 2361 sit,
1070 2279 1175 2345 etiam
1197 2278 1251 2343 his
1262 2278 1382 2360 invisa,
1396 2279 1469 2365 qui·

303 2391 369 2457 bus
387 2413 582 2459 succurrere
598 2393 735 2460 videtur
746 2394 782 2458 ‘l’'
792 2392 819 2482 6)
836 2432 880 2442 -
892 2393 1036 2459 Seneca:
1053 2393 1183 2474 ,Video
1195 2393 1270 2457 istic
1282 2391 1468 2478 diplomata

305 2511 339 2571 et
361 2506 574 2592 syngraphas
597 2512 631 2572 et
646 2507 830 2588 cautiones,
844 2529 954 2575 vacua
965 2506 1116 2572 habendi
1128 2505 1319 2587 simulacra,
1332 2505 1470 2570 umbra·

302 2618 407 2706 [cult]
441 2620 604 2686 avaritiae
630 2621 801 2707 quaedam
823 2619 1018 2702 laborantis
1043 2642 1104 2707 per
1129 2641 1216 2707 quae
1240 2619 1388 2705 decipiat
1399 2619 1470 2684 ani-

302 2754 400 2797 mum
422 2733 579 2799 inanium
592 2735 752 2821 opinione
765 2735 983 2820 gaudentem.
997 2735 1081 2822 quid
1093 2735 1187 2801 enim
1198 2735 1262 2800 ista
1274 2734 1374 2798 sunt?
1386 2733 1471 2819 quid

302 2847 401 2911 fenus
434 2853 468 2912 et
501 2846 735 2913 calendarium
766 2856 800 2914 et
835 2870 948 2930 usura,
983 2849 1050 2914 nisi
1073 2848 1246 2913 humanae
1274 2847 1471 2933 cupiditatis

301 2965 399 3025 extra
421 2966 582 3026 naturam
607 2962 760 3048 quaesita
783 2963 952 3028 nomina?
997 2963 1141 3028 Possum
1164 2962 1206 3028 de
1219 2982 1335 3027 rerum
1346 2967 1471 3026 natura

335 3153 353 3215 ¹)
370 3157 381 3216 t
399 3155 421 3204 1·

332 3238 352 3299 ¹)
378 3238 427 3288 cic.
455 3240 491 3289 Dc
515 3241 562 3290 off.
589 3242 621 3299 ΙΙ,
648 3227 696 3300 at,
715 3243 763 3291 89:
791 3243 838 3308 ,ut
863 3260 917 3293 cum
943 3243 994 3304 ille,
1020 3245 1062 3309 qui
1086 3247 1225 3310 quaesierat,
1242 3247 1355 3296 dixisset:
1373 3243 1471 3310 ‘Quid

298 3322 587 3382 laenoraril'‚tum
605 3326 678 3375 Cato:
697 3327 795 3392 ‘Quid
820 3328 1009 3387 hominem',
1036 3329 1124 3394 inquit,
1151 3329 1374 3380 ‘occiderci'’

331 3404 352 3466 ³)
369 3405 448 3455 Plaut.
467 3407 536 3456 Cure.
554 3408 596 3467 lv,
614 3410 637 3467 2,
657 3409 687 3457 19
704 3426 784 3474 seqq:

366 3489 464 3553 „LYCO
482 3490 688 3553 (aasentias).
705 3493 795 3557 Edepol
813 3493 908 3543 lenones
926 3512 977 3544 meo
995 3497 1075 3545 animo
1092 3498 1190 3555 nonisti,
1208 3497 1280 3556 lusce,
1306 3497 1392 3559 lepide.

366 3571 528 3622 cchvtlo
546 3574 747 3636 tPrlltASlTVS).
766 3576 854 3625 Eodem
863 3578 940 3626 hercle
950 3595 991 3626 uos
1006 3595 1066 3643 pono
1076 3584 1098 3628 ct
1107 3597 1176 3645 paro:
1187 3580 1313 3645 parissumi
1321 3580 1378 3628 estis
1388 3579 1469 3627 bibus.

369 3656 403 3704 lli
420 3655 504 3705 saltem
521 3656 548 3704 in
565 3656 665 3706 occultis
682 3658 741 3706 locis
758 3663 871 3722 prostant,
889 3677 931 3709 uos
949 3662 974 3710 in
991 3663 1042 3710 foro
1059 3664 1125 3727 ipso:

369 3739 416 3788 Vos
431 3740 532 3798 faenore,
550 3740 576 3788 bi
593 3741 655 3790 male
671 3742 789 3791 suadendo
805 3746 829 3791 ct
845 3743 929 3794 lustris
945 3744 1049 3794 lacerant
1066 3747 1180 3797 homines.

365 3823 525 3887 Rogitationis
542 3823 665 3888 plurumas
682 3829 777 3889 propter
793 3843 835 3875 uos
852 3828 955 3892 populus
971 3830 1051 3887 sciuit,

365 3906 429 3970 Quas
455 3923 497 3956 uos
518 3911 608 3972 rogatas
622 3909 749 3973 rumpitis:
766 3909 872 3974 aliquam
889 3912 997 3976 reperitis
1014 3913 1116 3962 rimam:

367 3989 441 4053 Quasi
458 4006 544 4062 aquam
561 3992 690 4041 seruantem
706 3992 818 4056 frigidam
835 4010 884 4042 esse
900 3995 933 4042 ita
951 4011 993 4043 nos
1011 3997 1098 4060 putatis
1113 3996 1200 4061 leges.'’

331 4071 352 4132 4)
370 4071 421 4120 Cic.
438 4073 474 4121 De
491 4072 537 4122 off.
555 4075 575 4132 Ι,
593 4075 633 4131 42,
652 4075 708 4126 150.

335 4153 353 4215 ὅ)
372 4155 409 4203 Ad
427 4156 476 4204 att.
493 4155 526 4213 ΙΙ,
545 4157 568 4215 Ι,
586 4157 634 4206 122
653 4158 749 4222 ,Neque
766 4162 789 4206 te
806 4160 831 4207 in
850 4160 1022 4209 tocullionibus
1038 4162 1177 4212 habebam.'’

334 4239 354 4303 ο)
371 4238 463 4289 Colum.
483 4241 502 4300 l,
519 4241 592 4304 prael.
609 4241 632 4290 8,
