3274 4998
818 520 882 586 168

235 784 237 788 ¹
263 719 320 766 mo
343 703 484 765 tesseras
506 698 587 765 dare
611 703 818 787 quaternum
838 697 1025 774 mensum?
1044 695 1070 784 ¹)
1093 696 1235 765 Accedit
1260 699 1434 787 quodne·

263 811 332 878 scio
365 832 410 877 an
434 817 523 878 recte
547 811 739 878 Mommsen
764 817 891 877 statuat
914 818 1055 878 tesseras
1076 831 1145 876 non
1170 809 1281 876 solum
1304 811 1340 877 in
1365 812 1433 876 fru-

263 923 531 991 mentationibus
568 924 670 990 fuisse
705 931 893 1011 usurpatas,
929 923 988 990 sed
1022 923 1126 991 etiam
1162 931 1331 1010 quatenus
1364 924 1433 989 fru-

262 1043 420 1104 mentum
443 1037 576 1105 veniret
598 1036 725 1104 leviore
749 1028 868 1124 pretio.
894 1036 920 1124 ⁹)
965 1037 1089 1126 Itaque
1112 1036 1206 1103 credi
1228 1036 1317 1119 licet,
1330 1043 1434 1124 prout

263 1150 392 1238 publici
425 1150 590 1217 frumenti
624 1150 723 1237 copia
757 1157 852 1232 esset,
891 1151 927 1216 in
962 1149 1044 1238 ipsis
1072 1150 1204 1216 tesseris
1230 1149 1273 1216 ab
1297 1172 1346 1229 eo,
1371 1151 1433 1239 qui

263 1264 316 1331 his
339 1263 440 1330 rebus
462 1270 625 1350 praeerat,
649 1263 751 1330 fuisse
774 1263 966 1330 indicatum
991 1271 1161 1351 quantum
1184 1264 1432 1351 frumentique

262 1378 372 1466 pretio
392 1377 597 1445 venumdari
620 1376 778 1464 placeret.
802 1375 829 1463 ⁸)

328 1541 358 1606 d.
403 1540 541 1620 Quanta
564 1539 629 1606 fuit
651 1538 780 1606 utilitas
803 1561 910 1627 quam
932 1537 1035 1636 plebs·
1050 1538 1192 1622 urbana,
1217 1561 1384 1628 pauperes

395 1662 605 1749 praesertim,
626 1661 860 1749 percipiebant
882 1683 962 1728 cum
984 1683 1029 1728 ex
1044 1683 1201 1728 annonae
1214 1683 1297 1728 cura

607 1791 683 1849 tum
705 1805 723 1849 e
747 1782 1097 1849 frumentationibus?

307 1946 409 2012 Hanc
444 1945 678 2033 quaestionem
712 1945 869 2033 praecedi
892 1951 1024 2033 oportet
1051 1945 1106 2011 his
1128 1944 1282 2012 duabus:
1306 1945 1343 2011 in
1366 1944 1431 2012 lar-

262 2059 449 2146 gitionibus
492 2059 564 2126 istis
611 2066 781 2147 quantum
815 2059 979 2126 frumenti
1021 2059 1145 2146 cuique
1183 2058 1431 2126 discribebatur

263 2173 452 2262 quantique
474 2171 678 2238 constabat?

307 2285 421 2371 Vulgo
444 2286 591 2352 sumitur
614 2271 737 2373 quinos
761 2285 893 2352 modios
916 2286 942 2372 ⁴)
965 2286 1002 2351 in
1026 2285 1178 2371 singulos
1201 2307 1334 2352 menses
1350 2285 1431 2353 viri·

261 2497 369 2554 tributas,
396 2513 474 2560 prave,
499 2497 590 2561 opinor,
615 2497 645 2546 ad
670 2496 729 2546 tales
754 2497 817 2546 locos
839 2513 868 2546 ex
884 2497 987 2562 Digestis
1003 2500 1139 2562 provocant,
1157 2496 1199 2546 ubi
1216 2496 1304 2561 legitur
1321 2501 1431 2546 umam

255 2579 444 2645 frumentariam
470 2595 551 2638 emere,
575 2595 720 2644 comparare,
738 2582 824 2643 legare.
863 2580 983 2629 Tesseram
1000 2581 1065 2629 anim
1083 2580 1171 2630 talibus
1189 2579 1247 2628 locis
1264 2580 1364 2644 positam
1381 2597 1431 2629 essa

260 2679 304 2727 pro
321 2663 372 2712 iare
387 2663 414 2711 ia
430 2667 531 2712 tesseras
546 2662 636 2711 ibidem
653 2663 731 2712 docui.
1253 2653 1258 2664 '

296 2743 317 2806 l)
351 2746 414 2795 Suet.
437 2747 498 2810 Aug.
516 2746 557 2794 40.
591 2745 728 2795 Hirschfeld
745 2745 762 2795 l.
780 2746 798 2795 l.
816 2763 868 2811 pag.
887 2747 918 2795 16
936 2763 983 2811 seq.
998 2747 1091 2796 tesseris
1108 2746 1147 2794 bic
1164 2747 1226 2811 ipsas
1244 2745 1364 2811 portiones
1380 2747 1430 2795 sin·

260 2829 325 2893 gulis
349 2829 487 2878 distributas
512 2829 629 2893 designari
656 2829 787 2894 suspicatus
812 2834 854 2878 est.
889 2829 944 2893 Quo
966 2831 1018 2878 iure
1035 2830 1096 2878 milri
1113 2845 1160 2878 non
1175 2829 1250 2894 magis
1266 2829 1343 2894 liquet
1359 2845 1429 2893 quam

261 2912 424 2976 Marqusrdtio
441 2911 467 2974 (l.
484 2910 502 2960 l.
520 2927 571 2976 pag.
592 2912 638 2961 125
656 2912 709 2961 adn.
729 2913 759 2973 5).
794 2913 880 2962 Totum
898 2913 962 2962 hunc
978 2913 1083 2962 Suetonii
1099 2912 1177 2961 locum
1196 2913 1285 2962 mirum
1298 2913 1430 2962 inmodum

260 2994 362 3059 explicat
377 2993 509 3044 Radbertus
525 2994 542 3043 l.
560 2993 577 3042 l.
594 3010 647 3059 pag.
666 2995 722 3044 390.

294 3076 314 3138 ²)
348 3077 386 3127 Cf.
411 3093 464 3142 pag.
493 3076 540 3130 lut
566 3078 621 3126 adu.
647 3080 671 3136 4,
698 3076 739 3126 ubi
764 3077 834 3126 (locui
860 3078 994 3128 Mommsen
1020 3079 1132 3144 suspicari
1153 3079 1196 3128 bas
1212 3078 1342 3144 appellatas
1358 3078 1431 3128 fuisse

260 3160 412 3220 nummarias,
440 3160 531 3225 priores
542 3161 727 3225 frumentarias.
761 3160 854 3210 Ibidem
872 3162 926 3210 vide
944 3169 1096 3226 utrarumque
1112 3163 1295 3211 controversiam
1311 3165 1334 3210 et
1351 3161 1429 3225 opini-

261 3260 330 3293 onem
347 3260 418 3309 quam
436 3259 512 3308 nuper
528 3245 557 3292 de
574 3249 712 3293 tesserarum
730 3247 754 3294 et
770 3244 798 3292 de
815 3244 1028 3294 frumentationum
1045 3245 1136 3294 ratione
1152 3245 1253 3309 protulit
1278 3246 1429 3294 Rostovfscw.

295 3327 315 3390 1)
347 3326 453 3376 Alteram
484 3327 666 3376 controversiam
695 3328 788 3384 omitto,
815 3343 886 3391 quam
914 3328 967 3376 vids
993 3328 1055 3392 apud
1081 3328 1190 3378 llarlowa
1207 3327 1224 3377 l.
1242 3327 1276 3378 l.:
1308 3328 1381 3392 „Man
1399 3327 1431 3390 lat

261 3409 360 3458 darliber
385 3410 561 3459 verschiedener
589 3409 706 3474 Meinung
722 3426 834 3474 gewcsem
851 3410 881 3459 ob
898 3411 937 3460 die
954 3415 1040 3460 tesana
1051 3411 1218 3476 smmentan'a
1234 3428 1267 3459 au
1279 3416 1380 3476 portem·
1391 3425 1430 3474 ga·

261 3492 335 3542 laatet
359 3492 426 3551 habe,
452 3493 497 3541 wic
513 3493 620 3540 Bnunea
635 3493 691 3555 (Die
707 3493 809 3542 Lotterie
826 3497 837 3554 ς
854 3497 878 3551 4,
896 3493 958 3542 Nota
977 3494 1000 3554 1)
1018 3495 1067 3542 und
1084 3495 1135 3543 ihm
1153 3495 1311 3543 zustimmend
1329 3495 1431 3543 liunrzrt

260 3576 467 3640 (Inbaberpapicre
492 3576 515 3625 S.
534 3576 576 3637 40)
593 3576 734 3640 bchaupten,
754 3576 811 3625 oder
827 3576 857 3624 ob
874 3577 916 3625 der
933 3577 1008 3625 Namc
1025 3577 1065 3626 des
1082 3577 1238 3641 Emplangers
1255 3577 1304 3626 und
1320 3578 1362 3626 der
1377 3578 1430 3626 'l'ri-

260 3659 312 3718 bas,
329 3659 430 3709 welches
446 3675 472 3708 er
488 3659 621 3723 angebdrte,
638 3660 679 3708 aul
694 3660 736 3708 dar
758 3663 846 3708 tessera
858 3660 1025 3724 frumentaria
1041 3660 1173 3724 augegeben
1191 3676 1247 3720 war,
1257 3661 1432 3709 wieDurscaaa

260 3743 360 3805 (Ztsehr.
386 3743 403 3792 f.
432 3744 495 3793 deut.
513 3743 541 3792 R.
559 3743 603 3792 Bd.
621 3742 649 3800 V,
666 3743 689 3792 S.
708 3743 750 3804 51)
767 3742 914 3791 namantlich
931 3757 974 3792 aus
991 3744 1055 3792 Pers.
1073 3749 1116 3793 sat.
1134 3744 1162 3801 V,
1179 3760 1203 3793 v.
1222 3744 1253 3797 73
1271 3760 1321 3808 sqq.
1340 3780 1431 3794 ......

260 3825 342 3889 glaubt
360 3825 486 3875 schliessen
502 3842 531 3875 au
549 3830 651 3875 miissen.
686 3826 775 3874 Uusere
792 3826 925 3890 bisherigcn
944 3826 1111 3892 Darlegungen
1128 3827 1225 3876 macheu
1240 3843 1264 3876 es
1274 3827 1431 3877 wabrsolrein·

260 3908 317 3966 lich,
334 3909 386 3958 dass
403 3910 441 3958 die
459 3914 546 3959 tessera
562 3909 598 3958 als
615 3910 653 3958 die
670 3910 711 3957 das
727 3908 848 3957 einzelnen
866 3909 892 3958 in
910 3909 955 3958 deu
973 3910 1054 3958 Listen
1068 3911 1247 3959 vcraaichueten
1261 3910 1431 3974 Emplaugsbe·

263 3991 394 4054 reobtigten
411 3992 540 4056 irgcndwia
557 3991 682 4041 kenntlich
699 4006 747 4040 war
765 4027 921 4041 .......
922 3991 938 4012 ”

296 4075 317 4135 ⁴)
351 4074 448 4138 Saepius
473 4090 515 4139 pro
540 4080 604 4124 cartu
628 4075 757 4124 affirmatur
774 4076 891 4123 Romanos
908 4090 921 4122 c
938 4074 1011 4123 tritici
1029 4075 1172 4125 medionon
1189 4076 1236 4124 nisi
1253 4079 1347 4125 tantum
1364 4076 1433 4140 panis

265 4156 360 4213 coxisse,
386 4161 501 4220 quantum
527 4157 577 4222 ipse
597 4159 716 4222 penderet.
733 4157 780 4219 (Of.
800 4157 889 4221 Duruy,
907 4157 970 4206 Hist.
988 4154 1097 4208 d.'Rom.
1114 4159 1152 4207 111
1169 4175 1221 4223 pag.
1240 4159 1297 4215 tta,
1316 4158 1433 4208 Humbert

262 4239 288 4291 in
313 4238 377 4290 Diat.
403 4239 444 4288 des
469 4239 552 4304 Antiq.
578 4256 597 4290 s.
624 4256 647 4290 v.
670 4255 766 4290 annana
783 4239 897 4289 rationem
913 4240 1021 4305 sequitur
1037 4257 1108 4305 quam
1125 4241 1237 4291 subduxit
1253 4241 1347 4292 Dureau
1364 4240 1433 4292 dela
