3274 4998
720 445 783 510 143

214 622 261 688 At
283 644 304 688 a
328 626 423 708 purte
449 643 568 688 eorum
593 644 678 709 quos
700 623 867 710 impugno
891 623 1053 691 videntur
1079 645 1149 690 esse
1173 624 1341 692 voeabula

172 736 300 802 Graeca
323 743 448 815 πένητες
469 735 524 802 vel
540 745 651 821 ἄποροι.
677 736 732 803 Sic
753 737 845 802 enim
859 737 988 803 Graece
1001 737 1167 824 appellari
1180 738 1342 803 dicuntur

171 851 228 936 qui
247 850 461 915 frumentum
487 851 666 936 accipiant.
712 850 786 915 Iam
811 851 965 917 attendas
989 850 1051 917 hos
1073 852 1122 917 ita
1146 851 1213 917 dici
1237 873 1341 918 nona

168 954 387 1042 scriptoribus
409 956 552 1034 Latinis,
577 957 635 1021 sed
658 977 679 1020 a
702 955 850 1032 Graecis,
875 957 935 1042 qui
950 978 1036 1021 num
1051 957 1199 1022 rationes
1212 957 1336 1022 Roma·

169 1091 228 1134 nas
262 1069 343 1134 satis
371 1070 617 1156 perspexerint,
641 1067 792 1134 dubitari
815 1069 905 1135 licet.
953 1070 1030 1136 Hoc
1053 1075 1170 1136 tamen
1193 1048 1337 1136 missurn

168 1183 341 1249 faciamus.
387 1183 484 1262 Quid
508 1183 615 1266 igitur
638 1182 761 1248 docent
776 1183 840 1248 ista
852 1182 1046 1249 vocabula?
1092 1183 1250 1248 Primum
1267 1205 1339 1250 rno-

169 1296 323 1362 nendum
355 1305 486 1384 πένητοις
507 1301 541 1360 et
561 1304 689 1380 ἀπόρους
710 1318 780 1362 non
803 1297 895 1362 idem
920 1295 1042 1376 valere,
1068 1302 1106 1361 ut
1129 1303 1272 1383 apparet
1295 1319 1339 1363 ex

167 1411 232 1476 illis
254 1411 347 1492 locis,
372 1410 432 1476 ubi
455 1431 526 1476 una
548 1417 741 1477 occurrunt.
769 1409 794 1496 1)
818 1410 926 1491 Ptine,
952 1409 1044 1496 quod
1067 1409 1170 1476 latius
1194 1415 1288 1496 patet
1312 1408 1341 1496 ³)

167 1587 252 1668 ὀξέως
283 1587 374 1659 οὕτως
404 1589 443 1650 ἑνὶ
473 1591 671 1667 πολιτεύματι
701 1587 754 1648 τὸν
779 1589 873 1662 δῆμον
893 1589 1084 1662 ὑπηγάγετο,
1106 1588 1341 1667 συμπράξαντος

167 1683 243 1762 αὐτῷ
265 1684 414 1758 Φουλβίου
436 1685 586 1746 Φλάκκον.
609 1685 658 1747 καὶ
679 1682 765 1754 εὐθὺς
786 1683 833 1743 ἐπὶ
854 1684 930 1760 τῷδε
950 1683 999 1745 καὶ
1020 1680 1048 1752 ἐς
1069 1679 1104 1742 τὲ
1126 1683 1240 1758 μέλλον
1251 1683 1340 1771 ᾕρητο

166 1781 359 1860 ὃημαρχεῖν.”
379 1795 490 1859 (Appiam
508 1794 535 1841 B.
546 1793 574 1842 C.
584 1794 604 1851 I,
614 1793 655 1851 21)
673 1793 815 1849 Mommsen,
828 1793 913 1839 Graece
922 1795 945 1839 et
950 1792 1056 1855 populus
1064 1795 1087 1839 et
1092 1791 1161 1854 plebe
1170 1806 1217 1838 uno
1227 1791 1341 1841 vocabulo

166 1877 259 1954 δῆμος
285 1889 351 1940 reddi
377 1905 444 1953 posse
467 1889 517 1952 ipse
543 1887 670 1935 concedens
697 1887 760 1946 (StR.
784 1885 822 1933 111
845 1901 895 1948 pag.
917 1885 981 1944 145),
999 1885 1063 1933 hunc
1081 1900 1150 1932 usum
1167 1885 1341 1948 antiquioribus

166 1986 320 2051 scriptoribus
347 1983 431 2032 definit
457 1983 551 2045 iamque
577 1981 706 2029 Diodorum
734 1981 795 2028 iuter
812 1972 934 2036 πλῆθος
964 1979 1048 2045 (plebat
1065 1983 1088 2027 et
1104 1966 1200 2041 δῆμος
1222 1980 1341 2042 (populus)

166 2070 292 2118 discrimen
310 2082 401 2115 servare
418 2066 492 2113 docet.
527 2065 576 2128 Ilgo
594 2069 671 2112 tumen
690 2079 783 2112 mouere
804 2063 875 2111 velim
891 2080 938 2112 non
956 2062 1033 2111 solum
1051 2063 1201 2110 Monumenti
1219 2062 1339 2125 Ancyrani

165 2153 279 2202 Graecum
290 2152 451 2214 interpretem,
462 2148 503 2196 sed
512 2148 591 2212 ipsum
601 2147 711 2205 Dionem,
721 2147 824 2210 Appiani
833 2147 962 2210 aequalem,
972 2146 1065 2210 plebem
1074 2146 1253 2194 frumentariam
1263 2145 1340 2194 dicere

167 2235 260 2312 δῆμον
277 2231 521 2306 σιτοδοτούμενον
541 2242 578 2290 vel
596 2241 643 2290 tale
660 2241 726 2305 quid.
745 2241 810 2288 Mon.
829 2242 916 2304 Ancyr.
934 2240 977 2288 Lat
1003 2241 1026 2297 3,
1044 2240 1071 2291 7:
1090 2237 1339 2297 „Plebeillomr‘snae”,

167 2344 268 2392 Graecus
293 2341 424 2403 interpres:
455 2327 571 2402 ηΔημῳ
601 2323 816 2400 Ῥωμα[ίω]ν”;
843 2335 901 2382 ibid.
928 2333 960 2381 20
986 2349 1050 2396 seq:
1078 2330 1182 2396 „Plebei
1208 2348 1267 2395 quae
1287 2336 1339 2381 tum

166 2437 313 2486 fulmentum
330 2433 454 2499 publicum
472 2432 650 2498 accipieba[t]‚”
669 2427 712 2495 τῷ
734 2414 1033 2494 σειτομετῂεψὲνῳ
1053 2414 1168 2492 ὃὴμῳ.”
1210 2427 1257 2475 Dio
1274 2427 1339 2476 Cass.

167 2531 216 2588 LX,
243 2530 283 2586 25,
310 2529 341 2582 t:
371 2523 430 2592 „vqs
451 2515 536 2592 δήμῳ
557 2522 599 2592 τῷ
620 2513 854 2591 σιτοδοτοομένῳ
875 2511 964 2572 πέντε
985 2508 1041 2587 μὲν
1061 2511 1109 2573 καὶ
1129 2509 1339 2587 ἑβδομήκοντα

168 2611 311 2693 δραχμὰς
341 2614 436 2671 ἅπασι
466 2611 626 2674 διέδωκεν.”
645 2625 714 2689 Quod
731 2627 809 2672 antem
827 2622 961 2670 Mommsen
979 2619 1031 2668 l.'l.
1049 2635 1101 2684 pag.
1121 2619 1168 2667 146
1186 2619 1239 2666 adn.
1259 2617 1341 2665 les·

168 2724 230 2772 sium
256 2723 358 2770 Dionem
386 2707 488 2784 ὅμιλον
513 2716 658 2766 senatoribus
678 2715 843 2780 equitibusque
859 2727 975 2777 opponere
992 2711 1032 2769 ait,
1050 2727 1078 2758 ex
1094 2711 1174 2758 eodem
1192 2713 1272 2758 eontra
1288 2725 1341 2773 pro·

168 2825 223 2873 ferri
241 2830 332 2888 potest:
353 2809 427 2892 ηοῦχ
448 2809 526 2878 ’ὅπως
546 2800 790 2882 decumanae?
810 2807 946 2862 ἱππεῦσιν
956 2799 1038 2861 ἀλλὰ
1051 2796 1101 2862 καὶ
1115 2799 1285 2872 βασιλεῦσι,
1298 2801 1341 2871 τῷ

169 2931 202 2970 τε
237 2911 322 2987 ὃημῳ
344 2920 443 2995 χιλίας
463 2911 624 2990 μυριάδας”
646 2923 716 2988 (LVI,
735 2922 775 2979 32,
793 2920 826 2980 2),
844 2897 999 2966 uhi'adnotat
1015 2915 1164 2964 Boissevain:
1184 2915 1250 2980 „fieri
1267 2918 1342 2979 potest

170 3022 196 3062 ut
229 3013 346 3062 addiderit
384 3013 437 3069 Dio,
473 3025 594 3074 excerpere
622 3004 750 3069 neglexerit
778 3001 921 3066 Xiphilinus
950 2999 1068 3064 plebei
1096 3001 1230 3062 Augustum
1255 2997 1342 3062 legasse

169 3106 248 3154 tricies
275 3103 413 3168 quinquies,
441 3104 471 3150 ef.
490 3104 552 3150 Suet.
571 3098 631 3148 etc.''
665 3095 783 3144 Tribunos
800 3093 877 3158 plebis
894 3092 980 3139 Graece
997 3107 1088 3155 semper
1104 3092 1150 3141 dici
1168 3081 1342 3159 δημάρχους

170 3189 220 3252 ipse
246 3188 381 3236 Mommsen
406 3188 572 3234 commemorat
597 3181 624 3242 (l.
650 3179 668 3228 l.
694 3195 746 3243 pag.
766 3177 812 3224 145
831 3176 885 3224 adn.
903 3174 918 3221 2
936 3178 959 3222 et
976 3172 1012 3220 ll⁸
1029 3189 1081 3238 pag.
1100 3175 1148 3227 273
1165 3193 1219 3225 oum
1236 3178 1290 3226 adn.
1309 3176 1342 3236 Ξ).

171 3279 236 3343 Quid
264 3279 327 3343 quod
355 3278 418 3341 apud
447 3277 525 3340 ipsum
554 3273 689 3337 Appianum
704 3269 788 3322 ¹etiarn
818 3266 876 3316 alibi
904 3255 1038 3330 δημότης
1063 3283 1107 3316 vox
1121 3267 1238 3331 plebeium
1255 3267 1342 3315 sonat?

172 3370 207 3418 Ol.
236 3369 343 3418 Valesius
369 3369 399 3417 ad
426 3367 529 3431 Appian.
555 3365 591 3412 De
608 3362 665 3411 Reb.
684 3359 783 3408 samnis.
803 3359 825 3416 1,
844 3360 875 3408 I:
894 3364 945 3425 „Ao
961 3351 1095 3426 δημότης
1111 3362 1206 3427 quidem
1220 3361 1341 3425 plebeius·

172 3452 310 3517 siguificare,
335 3451 398 3500 haud
422 3467 474 3498 sum
492 3447 609 3496 nescius.'’
628 3442 830 3506 Schweighaeuser
846 3443 875 3491 ad
891 3447 992 3495 eundem
1010 3447 1105 3496 locum:
1124 3445 1228 3510 „Utique
1244 3444 1281 3492 nil
1298 3443 1342 3492 sli-

172 3545 204 3592 ud
220 3544 245 3592 h.
263 3543 280 3592 l.
298 3542 503 3607 (quemadmodum
520 3538 588 3597 alibi)
597 3539 690 3586 denotat
698 3525 843 3599 δημότης,
854 3538 902 3586 nisi
908 3538 1054 3603 plebejsm.'’
1072 3538 1109 3586 CI.
1121 3537 1193 3584 etiam
1202 3535 1341 3600 Stephanus,

173 3634 243 3683 Thes.
260 3635 294 3682 Gr
318 3635 397 3698 Ling„
414 3650 433 3682 s.
450 3651 473 3683 v.
492 3622 638 3698 Δημότης
659 3625 693 3694 (et
714 3621 907 3696 Δημοτικὸς).

209 3717 229 3776 ¹)
263 3718 299 3766 Os.
318 3717 385 3766 Plato
402 3717 460 3782 Rep.
478 3719 537 3768 VIII
554 3735 606 3783 pag.
625 3717 674 3766 552
691 3717 807 3774 A;Plut.
825 3717 882 3765 Cato
899 3716 959 3766 min.
977 3716 1017 3765 88.

207 3802 227 3862 ²)
261 3802 293 3850 cf
324 3801 446 3866 Aristoph.
472 3803 536 3851 Plut.
555 3802 603 3850 552
621 3817 685 3865 seqq.
703 3805 735 3862 (et
751 3817 845 3850 omnem
863 3802 1022 3858 contextuml:

207 3895 210 3898 ’
257 3887 400 3963 ηπτὼχον
435 3881 572 3960 μὲνγὰρ
591 3883 669 3957 βίος,
693 3883 723 3942 ὂν
742 3881 781 3942 σὺ
801 3883 911 3958 λέγεις,
933 3883 986 3958 ζὴν
1007 3878 1088 3940 ἐστιν
1107 3875 1200 3956 μηδὲν
1220 3878 1338 3959 ἔχοντα·

255 3988 309 4041 τοῦ
328 3977 361 4041 δὲ
381 3980 507 4051 πένητος
527 3981 581 4057 ζῆν
601 3980 766 4060 φειδόμενον
786 3979 915 4048 καὶτοῖς
935 3977 1032 4053 ἔργοις
1050 3975 1253 4056 προσέχοντα,

256 4082 489 4154 περιγίγνεσθαι
508 4077 535 4138 δ’
557 4075 635 4156 αὐτῷ
658 4076 761 4153 μηδέν,
784 4075 826 4152 μὴ
847 4074 947 4151 μέντοι
967 4073 1038 4150 μηδ’
1060 4070 1245 4133 ἓπιλείπειν.”

210 4185 247 4241 Cf.
264 4185 336 4234 etiam
353 4185 412 4236 Xen.
431 4184 531 4234 Memor.
548 4183 590 4240 IV,
608 4182 631 4241 2,
649 4182 680 4236 37
690 4201 696 4240 ;
714 4181 783 4230 Plato
800 4181 858 4246 Rep.
875 4181 896 4229 X
913 4195 965 4246 pag.
983 4179 1032 4228 ⁶18
1049 4180 1079 4234 A.
