3226 4998
852 461 893 523 ol

287 638 479 705 occasiones
517 637 553 702 in
589 634 832 723 qualicumque
868 659 903 702 re
940 644 1120 724 quaestum
1156 639 1312 705 faciendi.
1355 639 1456 718 Quod

288 773 406 818 revera
427 751 475 816 ita
501 751 602 814 fuisse
626 748 848 814 Friedliinder
874 749 897 836 ¹)
922 752 1078 832 affirmat,
1102 753 1298 818 Pohlmann
1312 752 1456 839 ⁹)addu-

289 866 383 930 bitat.
406 864 536 942 Quodsi
559 863 684 947 cogites
709 869 875 948 quantam
898 863 1120 948 collegiorum
1143 866 1373 952 frequentiam
1383 866 1458 952 ipsa

288 979 473 1044 Caesarum
506 983 661 1061 tempora
694 975 880 1056 attulerint,
912 974 939 1061 ³)
963 977 1133 1064 simulque
1159 979 1369 1064 pedetentim
1393 1001 1458 1044 ser·

290 1114 413 1157 vorum
435 1112 621 1156 numerum
644 1110 713 1154 esse
738 1089 921 1171 minutum,
936 1091 962 1176 ⁴)
986 1113 1048 1175 ego
1072 1113 1218 1157 asserere
1242 1114 1312 1158 non
1325 1091 1458 1157 dubita-

289 1207 399 1272 verim
425 1205 637 1270 occasionem
659 1203 791 1269 victum
815 1204 1030 1289 quaeritandi
1053 1211 1087 1270 et
1100 1205 1245 1270 adfuisse
1261 1205 1456 1271 etamultis

290 1320 390 1384 fuisse
422 1325 602 1404 arreptam.
650 1316 728 1380 Non
760 1323 876 1381 tamen
907 1323 957 1382 est
976 1317 1248 1384 obliviscendum
1274 1319 1366 1384 cives
1388 1319 1459 1405 ple-

290 1455 435 1519 rumque
470 1430 606 1496 fabriles
629 1451 748 1516 operas
771 1431 1011 1515 contempsisse
1036 1437 1070 1496 et
1093 1429 1238 1517 publicis
1263 1432 1458 1518 sumptibus

291 1546 435 1626 vixisse;
462 1565 566 1630 quare
590 1564 717 1628 magna
740 1565 818 1629 pars
841 1544 1075 1629 operariorum
1101 1566 1118 1609 e
1142 1544 1310 1609 libertinis
1334 1546 1457 1610 consti-

290 1661 368 1726 tisse
392 1657 619 1724 existimanda
642 1662 700 1722 est.
727 1657 750 1742 ⁵)

335 1774 456 1858 ltaque
502 1771 530 1835 si
574 1792 648 1835 rem
689 1790 829 1834 omnem
862 1777 991 1855 spectes
1024 1791 1088 1835 nec
1122 1792 1192 1835 non
1227 1778 1306 1836 ante
1342 1771 1459 1838 oculos

290 1886 416 1952 habeas
448 1890 617 1971 quantum
647 1881 819 1947 commodi
841 1881 1018 1948 Romanae
1041 1883 1133 1969 plebi
1157 1884 1364 1950 redundaret
1386 1907 1458 1951 non

290 2000 391 2065 modo
415 2020 459 2064 ex
482 2019 637 2062 annonae
663 2017 753 2076 cura,
778 1997 1022 2061 verumetiam
1046 2019 1089 2061 ex
1112 1998 1277 2063 frumenti
1301 1999 1460 2082 gratuitis

290 2111 595 2191 distributionibus,
632 2109 757 2196 quibus
793 2109 1008 2175 addebantur
1042 2111 1115 2175 vini
1140 2110 1219 2176 salis
1242 2111 1317 2192 olei,
1343 2119 1461 2198 postea

291 2227 395 2292 etiam
418 2225 528 2291 carnis
551 2224 734 2308 congiaria,
764 2243 864 2309 porro
894 2245 937 2288 ex
961 2223 1071 2309 epulis
1093 2225 1264 2310 variisque
1289 2224 1461 2291 sollemni-

290 2340 353 2405 bus
376 2339 483 2404 -de
509 2338 633 2423 quibus
656 2336 815 2402 omnibus
836 2337 873 2400 in
901 2336 1006 2402 altero
1028 2336 1115 2402 libro
1139 2337 1291 2403 dicturus
1314 2360 1391 2403 sum
1402 2377 1456 2419 -,

289 2455 358 2519 iam
382 2459 535 2518 constare
559 2451 646 2515 mihi
669 2451 805 2516 videtur
829 2451 946 2536 utique
971 2451 1007 2514 in
1031 2450 1166 2515 cibariis
1189 2452 1226 2515 in
1250 2451 1333 2517 urbe
1346 2452 1459 2517 Roma

290 2567 534 2654 pauperiorum
568 2564 805 2647 condicionem
839 2585 909 2628 non
943 2564 1046 2628 nimis
1071 2565 1172 2630 fuisse
1194 2565 1360 2651 iniquam.
1400 2567 1459 2630 At-

290 2688 405 2746 tamen
429 2678 618 2743 tenendum
641 2699 697 2741 eos
721 2677 780 2762 qui
805 2677 940 2743 civitate
965 2699 1035 2743 non
1060 2679 1254 2743 fruerentur
1268 2678 1385 2743 multis
1398 2700 1457 2744 no·

291 2793 442 2857 minibus
464 2792 565 2856 fuisse
590 2790 753 2854 deteriore
778 2796 877 2854 statu.
904 2789 929 2877 6)

334 2905 434 2984 Quod
458 2905 501 2968 ad
525 2903 782 2968 domicilia
805 2904 977 2969 tenuiores
1002 2905 1115 2969 minus
1140 2903 1226 2970 bene
1246 2928 1279 2970 se
1298 2905 1457 2970 habuisse

291 3019 434 3107 putandi
469 3024 557 3082 sunt.
592 3017 693 3096 Quod
727 3017 874 3082 breviter
909 3018 1140 3083 demonstrare
1165 3019 1322 3083 conabor.
1358 3019 1458 3084 Prae-

289 3135 434 3200 clareat
467 3132 599 3218 copiose
639 3131 727 3195 hanc
764 3132 998 3216 quaestionem
1021 3133 1179 3197 tractavit
1202 3132 1407 3213 Piihlmanm
1434 3131 1458 3203 7)

325 3370 342 3430 ¹)
368 3369 419 3417 l.1.
440 3384 491 3432 pag.
509 3367 573 3416 298:
610 3366 777 3430 „Gelegenheit
802 3383 856 3415 zum
874 3367 972 3415 Erwerb
989 3383 1038 3415 war
1055 3368 1116 3416 ench
1134 3368 1186 3416 dem
1200 3370 1330 3424 dermstem
1347 3384 1415 3416 wenu
1433 3386 1459 3417 er

288 3453 357 3502 kalne
374 3451 457 3500 Arbeit
474 3450 574 3506 scheute,
593 3449 618 3497 in
636 3451 697 3497 Rom
714 3451 755 3498 auf
769 3449 832 3498 allen
850 3450 928 3498 seiten
945 3450 1067 3513 geboten.”

322 3535 342 3594 ²)
359 3535 375 3583 l.
395 3534 411 3582 l.
430 3550 481 3598 pag.
503 3533 534 3581 36
552 3533 605 3580 adn.
625 3532 647 3580 2.
1362 3584 1365 3592 ¹

321 3619 341 3679 ³)
359 3619 395 3666 Cl.
414 3616 540 3679 Waltziug‚
557 3599 634 3662 lituae
650 3614 705 3662 hist.
724 3632 765 3663 sur
781 3616 815 3663 les
833 3633 895 3680 corp.
915 3617 974 3680 prof.
993 3617 1047 3664 clrez
1065 3616 1098 3664 les
1118 3618 1193 3674 Rom,
1211 3618 1223 3665 l
1238 3634 1289 3681 pag.
1303 3618 1342 3674 32,
1354 3617 1458 3680 153seq,

327 3702 346 3761 ⁴)
362 3700 399 3749 cf.
417 3715 488 3763 supra
504 3715 555 3762 pag.
573 3699 611 3744 55.

324 3784 341 3844 ⁵)
359 3783 395 3832 Ol.
414 3784 548 3830 Mommsen
565 3782 593 3828 R.
612 3781 640 3828 G.
658 3780 706 3828 ΙΙΙ8
724 3797 775 3844 pag.
796 3781 859 3829 5ll:
897 3783 970 3846 „Uud
987 3783 1045 3831 eben
1063 3783 1101 3830 dic
1122 3783 1311 3846 Freigelasaenen
1328 3782 1461 3846 rogensich

291 3881 332 3914 vor
348 3866 420 3914 allem
436 3865 496 3912 nach
516 3865 557 3912 der
575 3864 725 3926 Hanptstadt,
744 3880 779 3910 wo
797 3881 820 3910 cs
839 3865 963 3912 Verdieust
981 3865 1125 3914 maucherlci
1146 3869 1190 3914 Art
1207 3865 1250 3929 gab
1269 3865 1460 3914 undderKlein·

289 3949 375 3997 handel
393 3949 437 3995 wie
454 3949 494 3995 das
511 3947 590 3994 kleiuc
608 3946 743 3994 Haudwerlr
761 3947 807 3994 sest
824 3964 881 4009 gnua
900 3948 925 3995 in
944 3948 1012 3996 ihren
1031 3949 1130 3995 Hinden
1149 3949 1252 3996 n·aren.''

325 4032 345 4091 ⁶)
363 4032 398 4079 Cf.
418 4030 566 4078 Prooemium
585 4045 635 4092 pag.
655 4030 676 4076 8.

324 4113 343 4174 ⁷)
369 4099 498 4162 iibervtlk.
523 4127 574 4174 pag.
594 4110 715 4161 73-113.
743 4111 823 4160 Etiam
841 4113 993 4161 conserendus
1010 4116 1045 4160 est
1062 4112 1214 4161 Fricdliinder
1232 4113 1275 4162 l.l.
1293 4130 1344 4177 pag,
1364 4114 1461 4176 dreqq„

299 4197 342 4252 ubi
359 4196 410 4260 agit
426 4197 454 4244 de
470 4194 528 4243 urbe
545 4195 626 4242 Roma.
