3274 4998
820 521 884 588 198

305 701 352 766 At
373 700 478 768 buius
499 700 565 766 loci
587 700 667 766 linis
688 699 865 766 faciendus
888 704 939 766 est
960 704 995 765 et
1007 697 1245 786 quaerendum
1258 719 1432 785 quaenam

260 813 441 880 commoda
486 836 530 880 ex
567 813 660 880 hisce
694 812 855 879 omnibus
883 812 1123 897 contingerent
1156 810 1427 899 pauperioribus.

258 927 446 1012 Egentium
469 948 550 994 vera
572 948 656 992 cura
678 947 759 993 sane
782 925 924 1011 quidem
947 925 1016 992 dici
1037 946 1108 991 non
1126 930 1279 1012 possunt.
1325 924 1428 1003 Quod

259 1040 354 1106 enim
377 1041 415 1106 in
437 1039 771 1120 frumentationibus,
794 1040 831 1104 in
854 1046 940 1105 stata
963 1039 1070 1124 igitur
1091 1038 1282 1124 largitione,
1301 1059 1426 1124 negan-

260 1153 344 1219 dum
385 1175 456 1220 esse
490 1152 651 1234 vidimus,
683 1175 770 1219 num
792 1153 829 1219 id
851 1151 1039 1220 affirmabis
1059 1153 1097 1217 in
1121 1151 1322 1218 muneribus
1344 1152 1426 1234 istis,

261 1288 359 1353 quae,
382 1267 461 1333 licet
483 1267 563 1333 satis
585 1267 792 1355 frequenter,
813 1267 951 1333 incertis
964 1271 1080 1332 tamen
1092 1264 1314 1352 temporibus,
1327 1272 1429 1352 prout

261 1380 463 1448 Caesaribus
485 1379 623 1462 libebat,
647 1379 928 1446 exhibebantur?
972 1380 1042 1459 Qui
1065 1379 1207 1466 quidem
1218 1378 1312 1445 haud
1325 1378 1428 1446 dubie

259 1492 345 1560 illud
368 1494 550 1580 praecipue
563 1493 771 1580 spectabant,
784 1499 824 1558 ut
834 1492 1053 1580 splendorem
1066 1492 1427 1578 magnificentiamque

260 1607 426 1674 adderent
457 1607 611 1694 ipsorum
644 1607 789 1693 imperio
824 1606 880 1674 vel
906 1606 1080 1672 labantem
1104 1627 1201 1672 suam
1226 1611 1430 1692 potestatem

257 1719 427 1786 fulcirent.
473 1719 566 1799 Quid
607 1720 699 1807 quod
730 1721 915 1801 interdum,
940 1726 978 1785 ut
1003 1721 1041 1785 in
1063 1719 1263 1806 spargendis
1285 1719 1428 1801 tesseris,

258 1834 433 1900 temeritas
452 1839 486 1899 et
508 1855 606 1899 casus
628 1833 765 1900 valebat
788 1833 843 1900 vel
866 1833 929 1899 soli
952 1832 1083 1899 nobiles
1106 1833 1150 1898 ad
1173 1832 1315 1920 epulum
1332 1854 1430 1899 voca·

258 1946 412 2013 bantur?
436 1945 461 2032 ¹)
485 1946 582 2012 Haec
605 1947 722 2013 omnia
745 1946 789 2013 ab
812 1947 989 2032 egentium
1009 1947 1098 2012 iusta
1123 1967 1206 2012 cura
1229 1945 1345 2032 procul
1372 1945 1429 2011 ab·

258 2060 397 2126 horrere
432 2060 605 2126 concedes.
652 2060 816 2127 Attamen
850 2060 1024 2143 congiaria
1057 2059 1125 2140 illa,
1151 2059 1279 2146 epulas,
1303 2059 1428 2126 similia

257 2174 294 2239 in
328 2174 377 2241 rei
410 2173 587 2239 familiaris
619 2175 785 2259 angustiis
822 2173 939 2240 multis
969 2173 1119 2239 subsidio
1144 2173 1199 2240 vel
1222 2179 1316 2239 certa
1338 2172 1427 2239 leva·

257 2293 374 2354 mento
397 2287 498 2353 tuisse
522 2308 592 2353 non
615 2287 730 2354 minus
752 2309 874 2355 verum
897 2294 957 2354 est.
1003 2286 1182 2354 Ludornm
1200 2292 1234 2352 et
1244 2286 1426 2373 epularum

257 2401 449 2487 voluptates
482 2399 683 2467 domesticas
705 2401 949 2467 sollicitudines
974 2422 1161 2487 parumper
1189 2399 1427 2467 discutiebant.

153 2527 155 2530 ’
257 2515 373 2580 Etiam
395 2514 460 2580 hoc
483 2514 681 2595 tenendum,
702 2515 883 2599 regionum
907 2513 1177 2581 meridianarum
1197 2513 1325 2580 incolas
1341 2513 1428 2580 mul·

257 2634 292 2694 to
326 2628 437 2712 magis
472 2649 579 2714 quam
605 2648 667 2693 nos
689 2628 727 2693 in
750 2628 843 2694 diem
867 2628 981 2695 vivere
1005 2627 1123 2705 solere,
1147 2627 1273 2714 quibus
1296 2627 1324 2692 si
1346 2649 1425 2693 con·

256 2742 368 2826 tingit,
406 2746 447 2806 ut
480 2740 581 2806 hodie
615 2739 764 2826 benigne
787 2763 821 2807 se
846 2747 1007 2820 tractent,
1031 2742 1100 2807 iere
1124 2741 1311 2806 crastinum
1334 2741 1426 2808 diem

257 2877 327 2921 non
362 2854 513 2920 multum
546 2860 677 2920 curant.
723 2854 754 2920 Ii
788 2861 914 2936 autem,
953 2876 1038 2941 quos
1074 2855 1212 2920 fortuna
1236 2855 1272 2919 in
1297 2853 1427 2921 deliciis

257 2966 415 3048 habebat,
450 2988 568 3034 casum
603 2966 779 3034 obvenisse
814 2967 980 3036 videbant
1014 2989 1157 3053 magnas
1179 2968 1324 3054 praedas
1346 2969 1427 3036 taci-

256 3081 346 3149 endi.
392 3081 505 3146 Immo
543 3088 641 3147 erant
664 3083 724 3168 qui
747 3083 903 3148 fortunae
927 3081 1111 3148 temeritati
1133 3083 1181 3147 ita
1204 3081 1425 3163 confiderent,

258 3200 295 3260 ut
317 3195 354 3259 in
377 3194 548 3260 incertum
571 3195 753 3280 sparsionis
776 3202 940 3263 eventum
955 3201 1034 3261 ante
1048 3195 1323 3261 nundinarentur
1338 3217 1426 3282 quue

256 3308 340 3375 alios
363 3314 522 3395 capturos
544 3329 614 3374 esse
638 3315 824 3395 sperarent.
850 3308 876 3394 ⁵)

256 3519 350 3568 ducenti
375 3519 456 3568 mixtis
481 3519 622 3577 Brittannis,
648 3521 702 3585 equi
723 3521 766 3569 seri
784 3521 889 3584 triginta,
908 3536 963 3568 oues
981 3521 1043 3568 serae
1059 3525 1162 3578 centum,
1179 3519 1241 3568 alces
1258 3521 1345 3580 decem,
1363 3522 1425 3571 tauri

255 3602 365 3666 Cypriaci
390 3606 493 3660 centum,
520 3603 646 3652 strutiones
672 3604 752 3652 Mauri
779 3603 873 3652 miniati
900 3604 1005 3661 trecenti,
1031 3604 1113 3668 onagri
1137 3603 1243 3667 triginta,
1260 3604 1312 3669 apri
1329 3610 1423 3654 centum

255 3686 433 3750 qninquaginta,
451 3685 523 3735 ibices
540 3686 643 3743 ducenti,
660 3687 767 3734 dammee
784 3686 905 3735 ducenti.’'

289 3768 310 3828 ¹)
344 3768 380 3817 Of.
398 3785 454 3832 ag.
472 3769 518 3817 Dio
535 3769 600 3818 Cass.
617 3769 665 3827 LV,
684 3771 707 3826 8,
725 3770 755 3826 2;
774 3770 847 3825 LVII,
867 3770 906 3828 12,
925 3771 956 3826 53
974 3769 1036 3828 LIX,
1054 3769 1094 3826 Il,
1112 3770 1144 3826 33
1162 3770 1226 3819 Suet.
1243 3769 1294 3818 Cal.
1314 3769 1354 3822 l‘l.

288 3851 307 3902 ²l
341 3851 457 3916 Pompon.
483 3851 538 3916 Dig.
565 3851 654 3910 XVIII,
682 3853 704 3911 l,
722 3853 745 3909 8,
766 3853 795 3901 l:
814 3852 966 3916 ,Aliquando
984 3858 1063 3900 tamen
1078 3855 1102 3901 et
1119 3853 1171 3901 sine
1188 3869 1212 3901 rc
1230 3853 1335 3902 venditio
1353 3852 1423 3901 intel·

254 3933 348 3997 legitur,
370 3934 444 3983 veluti
462 3951 516 3983 cum
533 3936 600 3999 quasi
617 3935 667 3984 elce
684 3936 779 3984 emitur.
796 3936 860 3998 qnod
876 3937 911 3992 tit,
928 3951 982 3983 cnm
999 3939 1094 3998 captum
1112 3935 1213 3998 piscium
1231 3935 1270 3984 vel
1287 3936 1368 3984 avium
1386 3935 1425 3984 vel

253 4016 383 4065 missilium
399 4017 501 4066 emitur:
516 4019 605 4082 emptio
621 4020 686 4067 enim
703 4019 851 4067 contrahitur
868 4020 937 4066 etiarn
956 4019 975 4066 ei
994 4019 1056 4066 nihil
1074 4019 1192 4077 inciderit,
1203 4020 1261 4082 quia
1273 4019 1322 4083 spei
1334 4019 1422 4083 emptio

254 4103 304 4148 eet:
329 4103 353 4148 et
376 4101 439 4163 quod
465 4100 594 4150 missilium
619 4102 716 4150 nomine
740 4119 767 4150 eo
792 4117 847 4150 casn
876 4106 970 4166 captum
996 4105 1031 4150 est
1053 4102 1073 4150 si
1090 4102 1195 4151 evictum
1212 4102 1293 4162 fuerit,
1310 4101 1379 4151 nulls
1396 4118 1423 4152 eo

255 4182 351 4233 nomine
367 4199 395 4230 er
412 4185 490 4247 empto
507 4183 619 4248 obligatio
636 4185 788 4242 contrabitur,
805 4185 861 4249 quia
878 4185 903 4234 id
919 4189 998 4234 actum
1016 4185 1190 4249 intellegitur.’'

740 4305 934 4318 ἡ*
