3296 5008
852 449 917 516 208

269 583 396 696 'fuisse
430 627 560 695 dicunt.
607 625 662 694 Ab
695 626 763 696 illis
790 623 900 696 faeere
924 627 1081 718 videtur:
1111 628 1147 694 1⁰
1173 627 1265 715 quod
1287 627 1324 694 in
1348 626 1468 694 inscri-

296 739 471 829 ptionibus
492 740 587 808 urbis
609 741 740 809 Romae
763 741 895 808 Latinis
917 741 1167 829 pertinentibus
1189 740 1233 808 ad
1255 739 1467 807 tribusctad

296 854 510 922 frumentum
539 853 719 942 publicum
742 861 1056 923 commemorantur
1078 855 1176 943 pueri
1200 854 1342 942 quidam
1365 855 1466 921 incisi

296 960 469 1026 frumento
492 959 630 1048 publico
655 960 709 1028 vel
732 961 853 1028 saltem
869 960 956 1027 illud
975 961 1188 1028 frumentum
1201 961 1425 1048 accipientes;
1442 958 1468 1048 1)

297 1094 420 1161 pueros
457 1080 583 1156 autem,
618 1073 744 1162 quibus
774 1075 943 1142 Traianus
977 1074 1141 1141 alimenta
1163 1073 1367 1162 praestabat,
1390 1073 1468 1140 illos

297 1207 435 1274 quoquo
458 1186 564 1254 incidi
585 1187 728 1254 iusserat
750 1186 798 1275 ¹);
824 1189 860 1254 2⁰
883 1187 975 1275 quod
996 1226 1040 1238 —
1062 1195 1102 1254 ut
1124 1209 1227 1275 supra
1249 1187 1399 1255 vidimus
1422 1225 1468 1238 —

297 1300 495 1367 Antoninus
527 1301 610 1368 Pius
643 1301 774 1388 puellas
797 1301 1030 1369 alimentarias
1054 1301 1304 1386 Faustinianas,
1328 1301 1466 1367 Marcus

298 1413 460 1482 Aurelius
504 1435 611 1483 novas
657 1413 787 1502 puellas
834 1415 1075 1482 Faustinianas
1113 1413 1270 1496 instituit,
1303 1413 1466 1501 idemque

301 1549 444 1616 ,pueros
476 1534 511 1594 et
544 1527 676 1615 puellas
710 1549 881 1595 nouorum
916 1529 1099 1596 nominum
1124 1528 1367 1594 frumentariae
1392 1549 1467 1614 per·

297 1641 448 1730 captioni
480 1641 627 1709 adscribi
660 1643 903 1729 praecep(it)'';
946 1642 1068 1709 itidem
1102 1640 1318 1729 talis-puella
1344 1641 1465 1722 ,divae

297 1755 481 1823 Faustinae
517 1755 693 1834 iunioris”,
717 1777 777 1822 sex
801 1778 909 1824 annos
927 1763 1018 1838 nata,
1043 1756 1080 1821 in
1104 1755 1212 1822 titulis
1233 1755 1301 1821 illis
1324 1754 1466 1822 urbanis

298 1869 348 1957 (Ο.
383 1869 410 1936 Ι.
438 1870 484 1935 L.
522 1869 581 1951 VI,
616 1870 724 1935 10222
749 1897 785 1931 =
809 1869 916 1937 Orelli
940 1871 1040 1957 3335)
1063 1869 1186 1936 diserte
1210 1869 1335 1936 dicitur
1357 1869 1466 1936 incisa

298 1982 399 2050 fuisse
415 1983 587 2051 frumento
599 1983 737 2072 publico
749 1983 796 2073 8);
813 1985 850 2050 3⁰
861 1984 898 2052 Ο.
911 1984 938 2051 Ι.
952 1985 990 2050 L.
1003 1983 1047 2064 X,
1060 1983 1147 2050 5056
1161 1984 1211 2068 (z
1223 1981 1329 2050 Orelli
1341 1983 1442 2068 4365)
1456 2005 1464 2050 :

331 2197 352 2257 1)
384 2195 460 2246 Tituli
485 2196 598 2262 leguntur
622 2198 650 2248 O.
673 2199 692 2247 l.
718 2199 745 2248 L.
769 2199 810 2256 vl,
837 2198 919 2248 10220
944 2215 1007 2263 seqq.
1041 2196 1113 2246 Pueri
1131 2196 1171 2245 isti
1188 2199 1245 2246 sunt
1260 2195 1366 2260 dispares
1382 2197 1466 2252 aetam,

297 2281 324 2327 ut
339 2279 413 2338 trimi,
431 2280 559 2344 quadrimi,
576 2296 639 2330 unus
655 2281 726 2330 etiam
743 2282 837 2348 proprie
853 2282 998 2347 puerilitatis
1014 2296 1088 2331 annos
1099 2295 1211 2344 egressus.
1245 2277 1465 2328 Narcissumillum

296 2361 357 2421 dieo,
374 2363 403 2412 de
419 2379 467 2428 quo
483 2363 511 2413 Ο.
528 2364 549 2414 Ι.
563 2364 590 2414 L.
608 2364 649 2423 VI,
668 2364 749 2414 10220
766 2370 809 2429 (=
827 2364 904 2414 Orelli
922 2365 1013 2426 8859):

396 2445 529 2512 ,Quintum
546 2464 635 2498 aunum
653 2451 677 2498 at
692 2449 812 2498 desimam
828 2449 953 2498 Narcissus
969 2449 1024 2497 flore
1042 2448 1151 2497 iuventae

395 2530 439 2579 hoc
456 2531 515 2580 iacet
530 2531 642 2597 abreptus
655 2533 763 2583 conditus
778 2533 805 2582 iu
821 2532 941 2584 tumulo.''

294 2611 382 2662 Ultimi
401 2629 480 2664 versus
497 2619 568 2665 suut:

395 2697 459 2763 ,flio
475 2699 603 2764 septimum
620 2701 738 2751 decimum
755 2701 900 2750 frumentum
918 2700 1042 2766 publicum
1059 2698 1155 2765 aceepit,

394 2783 486 2831 mum
503 2782 622 2832 decimum
640 2819 646 2833 .
665 2823 670 2833 .
689 2819 695 2832 .
715 2820 721 2833 .
738 2783 865 2850 perdicit?

296 2862 326 2912 19
352 2863 386 2913 iu.
412 2864 534 2929 [lacunam
560 2865 628 2915 illam
649 2866 714 2926 dicit,
732 2870 842 2931 quattuor
862 2867 956 2933 punctis
974 2866 1113 2932 indicatum]
1131 2865 1235 2932 potuisse
1251 2879 1300 2914 asse
1316 2861 1381 2927 quod
1396 2860 1466 2926 afuit

293 2946 332 2997 sel
349 2946 429 2996 simile
445 2947 503 3012 qnid
520 2949 614 2998 monuit
632 2949 774 3000 Mommsen.

293 3029 382 3080 Causae
398 3046 446 3079 non
463 3031 632 3096 perhibentem
651 3032 693 3082 has
710 3050 803 3098 quoque
820 3033 923 3083 diversas
940 3033 1014 3083 luisse
1025 3033 1159 3082 credideris.
1173 3029 1304 3096 Duopueri
1313 3035 1464 3078 aeneatorum

293 3112 392 3178 collegio
416 3114 565 3164 ascribuntur
589 3116 616 3165 O.
645 3116 666 3165 1.
692 3117 719 3165 L.
745 3117 787 3174 Vl,
814 3116 896 3168 10220
922 3122 945 3166 et
963 3117 1042 3166 10221
1062 3116 1155 3179 (10220
1172 3115 1268 3180 partim,
1286 3112 1366 3162 10221
1385 3117 1464 3160 totum

292 3196 403 3262 exscripsi
429 3213 480 3262 pag.
508 3199 624 3260 1110060)
640 3200 694 3249 adn.
713 3199 746 3260 7),
763 3200 791 3249 de
808 3199 895 3265 quibus
912 3200 1074 3250 aeneatoribus
1085 3201 1115 3249 cl.
1126 3215 1179 3265 pag.
1197 3198 1245 3247 loo
1262 3213 1317 3246 cum
1333 3197 1387 3245 adn.
1407 3196 1422 3244 3
1441 3200 1465 3245 et

292 3280 412 3330 Addeada
428 3285 452 3330 et
468 3281 613 3346 Oonmnda
628 3283 655 3332 in
672 3282 839 3348 disputationis
855 3284 909 3333 fine.

325 3363 345 3424 ¹)
379 3362 416 3412 CI.
434 3379 486 3428 pag.
503 3363 560 3414 201.

324 3443 346 3506 ¹)
377 3445 473 3495 'litulus
490 3450 540 3496 est:

773 3531 796 3581 D
929 3533 957 3582 M

607 3613 793 3664 suarna
816 3631 822 3642 ·
845 3615 1126 3665 SATVRNINAF

607 3695 627 3744 0
650 3712 655 3723 ·
679 3697 792 3748 SEXTI
815 3699 982 3748 ’ΒΔΡΗΝΙ
1000 3714 1006 3726 ’
1024 3699 1071 3748 112

607 3779 817 3831 sexatrus
844 3782 1126 3832 snrvmmlsc

558 3863 1125 3929 emaculatus-vrum·

607 3946 686 3996 DIFB
711 3962 717 3976 ·
740 3947 814 3997 XIIII
828 3963 834 3977 ·
849 3948 906 3998 1Νο
929 3964 934 3976 ·
958 3949 998 3997 FR
1020 3948 1126 3997 ·PVBL

608 4029 717 4079 DIV·
761 4030 893 4081 FAVSF
926 4031 1127 4081 ·1vN101t

290 4109 394 4159 Adnotat
410 4110 523 4160 Heuzeu:
542 4113 746 4177 ,Intellegendum
762 4113 878 4178 insuar)
888 4117 1040 4180 sr(ssreato)
1053 4115 1176 4180 pellaeo)
1194 4113 1292 4177 dique)
1301 4110 1464 4174 Faustam)

289 4191 426 4256 iunioras).
460 4192 497 4244 Gi.
517 4197 611 4260 paellae
635 4196 806 4247 Faustinianas
830 4199 893 4266 apud
918 4199 965 4250 Iul.
995 4199 1073 4266 Capit.
1091 4198 1134 4250 sit.
1152 4200 1208 4248 Ant.
1226 4197 1253 4248 P.
1273 4197 1288 4247 8
1305 4199 1328 4246 et
1344 4195 1371 4244 iu
1389 4210 1463 4245 nurn-
