3274 4998
728 509 770 574 97

163 685 343 772 Appianus
382 685 552 752 coloniam
592 685 635 752 ab
676 686 832 772 Augusto
872 689 1013 756 demum
1055 714 1125 758 esse
1160 692 1308 758 constitu

163 806 244 865 tam.
1268 798 1270 802 ’

206 914 248 978 ln
282 912 393 978 turbis
427 913 628 994 domesticis
655 936 739 1001 quas
761 915 934 983 triumviri
957 918 1006 983 rei
1029 918 1185 1004 publicae
1210 919 1331 985 consti·

164 1027 309 1093 tuendae
344 1028 382 1092 in
415 1029 559 1114 imperio
593 1029 751 1094 Romano
784 1029 1022 1112 moliebantur,
1049 1031 1214 1118 quicquid
1236 1033 1274 1096 in
1297 1053 1332 1096 re

164 1142 297 1226 agraria
320 1142 431 1207 latum
454 1148 512 1224 cst,
538 1165 577 1208 ea
601 1143 663 1208 etsi
686 1142 730 1207 ad
753 1141 862 1228 plebis
889 1145 1019 1228 egentis
1043 1145 1228 1211 utilitatem
1240 1145 1333 1211 vide-

164 1254 290 1320 bantur
324 1277 394 1321 esse
429 1263 593 1342 suscepta,
628 1255 816 1321 necessario
840 1261 955 1322 tamen
982 1258 1025 1322 ad
1049 1258 1200 1324 militum
1224 1259 1334 1343 magis

164 1369 344 1434 commoda
368 1369 575 1455 spectabant.
601 1369 626 1456 1)
661 1369 802 1436 Sullana
832 1376 988 1456 tempora
1010 1371 1147 1438 rediisse
1174 1372 1334 1439 videban-

163 1489 227 1548 tur.
264 1483 333 1562 Qui
366 1490 449 1548 tunc
483 1483 647 1549 vivebant
682 1490 800 1570 poetae
835 1506 954 1551 omnes
978 1486 1046 1551 fere
1073 1488 1266 1572 queruntur
1289 1485 1330 1551 de

162 1591 289 1660 iniuria
313 1596 377 1662 sibi
400 1619 420 1662 a
444 1597 609 1662 militibus
632 1597 736 1664 illata.
783 1599 946 1676 Queritur
971 1599 1145 1681 Horatius
1170 1598 1196 1686 ²)
1222 1600 1332 1687 queri-

163 1716 219 1774 tur
253 1709 419 1791 Tibullus,
433 1709 459 1797 3)
484 1711 638 1798 queritur
671 1712 877 1798 Propertius,
892 1713 917 1800 4)
944 1715 1098 1800 queritur
1123 1714 1228 1780 etiam
1250 1715 1334 1780 Ver-

165 1823 276 1908 gilius
291 1822 317 1910 ⁵)
351 1824 423 1889 Nec
457 1825 594 1906 mirum,
620 1847 700 1890 cum
726 1833 802 1913 post
825 1827 996 1912 proelium
1019 1827 1241 1914 Philippense
1265 1849 1335 1892 am-
1364 1827 1365 1830 ’

165 1937 254 2024 plius
289 1938 416 2002 CLXX
440 1939 591 2006 militum
614 1939 752 2004 milibus
776 1947 861 2005 esset
884 1941 1172 2026 prospiciendum,
1189 1941 1215 2027 ⁶)
1240 1941 1332 2027 quod

166 2052 237 2116 sine
261 2048 509 2137 possidentium
532 2053 706 2119 eversione
730 2053 804 2118 fieri
827 2075 898 2118 non
920 2060 1061 2140 poterat.
1075 2053 1102 2142 ⁷)

499 2229 523 2272 c.
558 2207 812 2293 Imperatorum
838 2214 1002 2294 tempora.

210 2361 381 2447 Tempora
414 2359 474 2425 illa
507 2361 556 2425 rei
589 2360 746 2446 publicae
782 2361 982 2442 tristissima,
1019 2361 1059 2426 de
1085 2361 1209 2448 quibus
1234 2361 1336 2427 modo

167 2475 309 2558 egimus
335 2475 432 2561 quasi
455 2474 617 2539 transitus
640 2481 737 2540 erant
760 2475 804 2540 ad
826 2475 1070 2561 principatum.
1097 2475 1209 2553 Quem
1233 2474 1336 2539 armis
1368 2554 1372 2559 .

167 2589 362 2675 quaesitum
396 2588 499 2652 armis
534 2588 642 2653 teneri
676 2610 810 2654 necesse
842 2595 924 2654 erat.
971 2589 1042 2654 Nec
1066 2589 1195 2653 mirum
1218 2588 1336 2671 Augu-

165 2709 266 2784 stum,
310 2722 391 2767 cum
413 2701 562 2767 colonias
584 2703 715 2767 iniussu
738 2709 874 2767 senatus
897 2702 952 2769 vel
976 2701 1333 2788 populideducendas

163 2821 306 2896 curaret,
344 2816 384 2880 de
409 2815 560 2880 militum
583 2803 800 2902 potissimum
824 2815 1012 2881 commodis
1034 2815 1244 2900 cogitavisse.
1291 2815 1334 2880 In

163 2930 391 2996 Monumento
425 2930 610 3016 Ancyrano
645 2951 742 3014 agros
777 2929 829 2995 bis
863 2951 939 2994 ase
965 2929 1092 2996 divisos
1118 2951 1188 2994 esse
1212 2929 1333 3013 gloria-

163 3049 235 3109 tur:
263 3043 471 3124 „Pecuniam
494 3043 584 3131 [pso]
609 3044 707 3128 agris,
733 3043 817 3130 quos
851 3043 888 3108 in
922 3037 1101 3109 consulatu
1135 3042 1211 3108 meo
1236 3042 1334 3128 quar·

202 3405 219 3465 ¹)
237 3405 336 3468 Singula
361 3405 420 3453 lucta
445 3404 519 3468 igitur
544 3404 639 3453 silentio
656 3407 778 3469 praetereo,
797 3404 933 3468 praesertim
951 3419 1005 3452 cum
1023 3401 1152 3451 nonnullae
1169 3401 1238 3466 leges,
1257 3405 1283 3449 ut
1301 3399 1334 3449 M.

169 3488 268 3536 Antonii
294 3489 322 3536 de
347 3487 446 3535 coloniis
472 3488 499 3535 in
528 3505 594 3552 agros
620 3489 761 3536 deducendis
779 3491 802 3536 et
819 3487 886 3535 Lucii
904 3487 982 3535 fratris
1000 3487 1096 3550 agreria,
1114 3486 1168 3534 odio
1185 3485 1334 3549 optimatium

170 3570 280 3629 sublatae,
298 3571 395 3618 nullum
411 3573 519 3619 effectum
537 3571 672 3620 habuerint.

202 3653 223 3714 2)
243 3655 285 3718 sp.
304 3654 337 3712 II,
356 3654 378 3712 2,
398 3655 437 3702 50.

203 3737 224 3797 ³)
241 3737 261 3795 I,
281 3739 302 3795 l,
321 3737 368 3794 19;
387 3738 427 3796 IV,
447 3739 469 3795 1,
489 3739 544 3786 182.

203 3821 222 3880 ⁴)
241 3820 281 3878 IV,
301 3821 323 3878 1,
343 3821 398 3869 129.

206 3905 223 3964 ⁶)
240 3904 321 3968 llulng.
339 3904 363 3962 9,
381 3904 429 3961 28;
448 3905 484 3954 cf.
502 3906 572 3954 Mart.
591 3905 658 3964 VIII,
678 3907 717 3954 56.

203 3987 222 4048 ⁸)
240 3988 276 4036 cf.
295 3989 396 4052 Appian.
415 3989 480 4038 B.C
505 3989 533 4048 V,
552 3991 574 4038 ὅ,
1176 4053 1179 4055 ,

204 4071 225 4132 ⁷)
252 4071 288 4120 Nc
314 4073 432 4120 <lemnum
450 4073 546 4137 quidem
564 4072 691 4121 deturbatis
709 4071 846 4120 restituendi
864 4069 997 4118 triumviris
1010 4069 1077 4133 copia
1094 4072 1149 4126 erat,
1167 4068 1274 4132 quamvis
1292 4066 1341 4116 vel·

180 4155 238 4204 lent.
266 4157 302 4204 De
316 4156 360 4204 hac
378 4172 402 4204 re
419 4157 448 4204 cs.
467 4155 569 4204 Schiller
585 4184 617 4192 —
635 4156 676 4220 qui
691 4155 828 4204 summatim
846 4155 874 4202 de
891 4154 1050 4201 Romanorum
1059 4151 1159 4200 coloniis
1168 4152 1255 4216 ogit—
1265 4151 1291 4198 in
1300 4151 1342 4198 Iw.

174 4255 197 4288 v.
215 4239 272 4288 M.’s
290 4239 385 4288 Hsndb.
403 4239 444 4298 IV,
462 4239 497 4298 2²,
514 4255 565 4303 pag.
584 4239 632 4292 174
650 4255 697 4302 seq.

1232 4326 1252 4392 7
