3226 4998
848 489 891 553 66

284 661 442 750 draginta
476 688 519 732 ex
555 667 714 734 omnibus
737 667 1008 752 colligerentur.'’
1025 664 1050 754 ¹)
1073 666 1169 732 Talia
1190 673 1306 733 tamen
1329 690 1454 754 parum

284 785 363 842 sunt
386 779 535 846 definita.
561 782 616 846 Ex
639 782 792 847 numeris
815 803 896 847 vero
920 780 979 866 qui
1003 780 1194 861 traduntur,
1219 781 1340 847 sinon
1364 781 1450 847 mul-

283 897 368 973 tum,
387 893 467 978 quia
490 894 531 959 de
554 895 721 960 domuum
744 895 873 960 ratione
898 916 936 960 ac
950 894 1186 980 magnitudine
1199 894 1286 959 nihil
1298 895 1456 960 additum

286 1011 344 1086 est,
369 1013 404 1070 at
427 1007 547 1074 saltem
570 1008 701 1095 aliquid
721 1009 808 1074 effici
821 1014 939 1095 potest.
964 1009 1126 1092 Legimus
1144 1015 1260 1074 autem
1272 1009 1365 1094 apud
1377 1009 1457 1074 Plu-

286 1120 457 1185 tarchum:
473 1113 624 1199 ,φέροντες
644 1118 757 1184 ἐνοίκων
776 1119 864 1190 αὐτὸς
884 1119 939 1197 μὲν
959 1123 990 1196 (1.
1007 1142 1031 1180 e.
1049 1118 1458 1204 ἂπελευθερικέςᾶνθρωπος)

287 1238 346 1290 τῶν
376 1231 434 1290 ἄνω
469 1233 629 1313 δισχιλίους
659 1235 817 1310 νούμμους,
850 1232 953 1303 ἐκεῖνος
977 1230 1009 1293 δὲ
1031 1235 1062 1308 (i.
1084 1255 1108 1293 e.
1131 1235 1218 1309 Sulla)
1239 1241 1297 1293 τῶν
1317 1235 1459 1297 ὑποκάτω

287 1340 496 1417 salabbim-'²
511 1341 537 1428 Β)
571 1341 687 1406 Cicero
720 1341 757 1404 in
792 1340 942 1405 oratione
978 1361 1083 1426 quam
1106 1361 1167 1426 pro
1191 1339 1305 1406 Coelio
1327 1339 1459 1421 habuit,

288 1465 405 1523 narrat
432 1458 524 1524 hunc
548 1457 584 1522 P.
610 1455 720 1521 Clodii
743 1455 780 1518 in
802 1453 914 1518 insula
936 1453 1151 1534 habitavisse,
1176 1453 1214 1518 in
1237 1453 1408 1535 aediculis
1432 1453 1461 1540 3)

290 1571 417 1652 decem,
436 1577 492 1636 ¹ut
525 1570 694 1656 opinatur,
730 1567 891 1632 millibus.
904 1567 930 1653 4)
965 1567 1117 1633 Velleius
1151 1567 1299 1653 denique
1323 1567 1460 1633 scribit:

293 1686 566 1770 ,Prosequamur
600 1689 681 1748 nota
716 1681 932 1748 severitatem
965 1701 1145 1746 censorum
1180 1681 1285 1746 Cassii
1309 1680 1458 1765 Longini

289 1799 546 1885 Caepionisque,
587 1797 647 1883 qui
681 1795 807 1860 abhinc
831 1816 938 1859 annos
961 1801 1101 1859 centum
1125 1794 1377 1881 quinquaginta
1400 1794 1461 1859 tris

289 1911 459 1998 Lepidum
489 1911 679 1976 Aemilium
702 1929 878 1993 augurem,
904 1907 996 1993 quod
1020 1930 1079 1973 sex
1103 1907 1241 1973 milibus
1264 1907 1334 1974 HS.
1359 1908 1459 1973 aedes

289 2024 515 2105 conduxisset,
540 2025 654 2089 adesse
678 2023 858 2088 iusserunt.
882 2029 918 2086 at
940 2043 1033 2086 nunc
1057 2021 1084 2086 si
1109 2021 1185 2107 quis
1207 2022 1295 2086 tanti
1317 2021 1457 2102 habitet,

289 2139 349 2206 vix
384 2144 423 2203 ut
446 2144 580 2203 senator
603 2137 828 2221 agnoscitur.⁷'
855 2135 880 2219 5)
905 2137 1014 2201 Causa
1038 2156 1143 2220 quam
1166 2134 1261 2200 addit
1287 2135 1456 2202 Velleius:

292 2253 395 2332 „adeo
418 2258 541 2316 natura
564 2273 582 2315 a
607 2251 705 2316 rectis
727 2250 764 2313 in
787 2271 903 2335 prava,
927 2271 947 2313 a
970 2249 1084 2334 pravis
1106 2249 1144 2312 in
1167 2249 1260 2329 vitia,
1284 2249 1407 2314 avitiis
1418 2248 1454 2315 11

289 2365 487 2452 praecipitia
521 2364 739 2450 pervenitur''
764 2401 807 2410 —
830 2362 909 2427 11111
932 2363 1003 2427 sine
1028 2361 1131 2427 dubio
1155 2361 1271 2448 aliqua
1294 2384 1337 2427 ex
1360 2368 1457 2448 parte¹

289 2501 371 2545 vera
405 2479 456 2559 sit,
492 2485 608 2543 tamen
643 2498 685 2541 ex
719 2476 827 2540 nimia
861 2476 1100 2562 superfluentis
1122 2475 1241 2561 populi
1264 2475 1457 2561 frequentia

289 2592 386 2657 facile
410 2590 620 2675 intellegitur
644 2589 861 2675 aliquantum
884 2589 1022 2654 aedium
1045 2589 1153 2675 pretio
1176 2589 1361 2654 accessisse.

333 2705 434 2784 Quod
468 2705 571 2770 etiam
605 2703 685 2768 inde
709 2702 873 2788 explicari
895 2683 1012 2788 potest
1028 2702 1121 2788 quod
1143 2703 1331 2789 antiquitus
1354 2701 1457 2767 urbes

289 2839 359 2883 non
382 2823 518 2882 tanturn
546 2816 748 2902 amplificari
771 2822 928 2902 poterant
941 2822 1110 2902 quantum
1123 2823 1237 2881 nostro
1249 2823 1413 2902 ternpore.
1428 2815 1455 2903 6)

288 2931 336 2998 Ut
368 2929 434 2995 alia
468 2931 634 3011 omittam,
672 2937 841 3016 quantum
875 2930 1088 2994 commodius
1121 2929 1331 3016 celeriusque
1355 2929 1458 2995 hodie

323 3151 339 3210 1)
356 3151 410 3214 Dig.
429 3152 491 3208 XlX‚
510 3151 532 3208 2,
552 3151 591 3199 30.
627 3152 662 3200 Cf.
680 3152 751 3199 etiarn
769 3151 818 3198 Cic.
837 3151 865 3198 ad
883 3153 933 3199 Att.
950 3152 1005 3208 Xll,
1025 3150 1193 3209 111111,
1212 3151 1234 3207 l,
1253 3151 1275 3197 t.

321 3234 340 3292 2)
358 3233 423 3282 Plut.
442 3234 509 3282 Sulla
527 3235 549 3283 l.

319 3316 338 3375 ³)
366 3317 479 3364 Attendas
504 3318 684 3378 diminutivum,
720 3318 789 3382 Quod
813 3317 833 3364 si
852 3313 984 3382 Pohlmann
1004 3317 1102 3373 lecisset,
1121 3333 1168 3364 non
1187 3316 1373 3380 reprehendisset
1390 3316 1457 3364 Mar-

287 3401 379 3463 quardt,
405 3401 447 3462 qui
473 3416 501 3448 ex
527 3401 571 3448 hoc
596 3417 688 3464 quoque
714 3399 764 3447 1111
783 3406 860 3463 patere
878 3399 937 3448 dicit
954 3400 1040 3448 Romae
1056 3400 1232 3448 habitationum
1250 3399 1367 3448 mercedes
1384 3399 1459 3447 luisse

290 3497 393 3546 magnas.
411 3483 476 3544 (StV.
495 3481 531 3530 11²
550 3499 600 3546 pag.
620 3483 668 3530 124
686 3484 739 3531 adn.
759 3484 783 3543 6)

319 3566 339 3624 ⁴)
357 3564 400 3612 Cic
426 3565 473 3612 Pro
491 3564 554 3613 Cael.
573 3567 596 3622 7,
616 3565 655 3616 17.

325 3648 343 3706 ⁵)
361 3647 423 3695 Vell.
441 3648 530 3695 Patere.
548 3648 581 3704 II,
601 3648 640 3704 10,
660 3648 682 3695 l.

323 3730 342 3789 ⁶)
368 3730 404 3777 cf.
431 3731 523 3778 Pohlm.
551 3731 567 3778 l.
594 3730 611 3778 1.
638 3747 689 3794 pag.
717 3730 765 3788 78;
791 3731 879 3779 Friedl.
906 3731 923 3780 l.
949 3731 966 3779 1.
994 3748 1045 3795 pag.
1073 3732 1112 3780 25.
1148 3731 1254 3780 Orientis
1288 3731 1364 3789 urbes,
1390 3729 1459 3778 velut

295 3811 449 3875 Babylonem,
480 3813 580 3871 Ninum,
612 3829 677 3862 secus
708 3829 731 3860 se
761 3813 869 3861 habuisse
901 3813 1035 3862 Po'hlrnann
1067 3815 1133 3862 docet
1158 3818 1218 3878 (pag.
1247 3815 1261 3862 3
1287 3817 1351 3877 seq),
1378 3813 1458 3861 Curtii

295 3895 457 3942 testimonium
484 3897 602 3959 proferens
628 3896 728 3944 dicentis
754 3897 791 3956 (V,
819 3897 841 3952 1,
868 3897 899 3948 27
925 3895 1046 3956 Damsre‘r:
1074 3899 1125 3961 ,111
1149 3913 1179 3945 11
1204 3900 1278 3946 totam
1303 3897 1400 3960 quidem
1419 3911 1459 3943 ur-

292 3975 345 4024 bem
372 3977 438 4024 tectis
464 3982 683 4041 occupaverunt-
701 3995 743 4042 per
767 3979 852 4026 LXXX
878 3980 953 4027 stadia
975 3979 1174 4028 habitabatur-
1192 3996 1235 4027 nec
1252 3981 1332 4028 omnia
1349 3979 1463 4027 continua

290 4062 353 4115 sant,
380 4059 455 4115 credo,
482 4061 538 4122 quia
563 4061 638 4108 tutius
656 4062 734 4110 visum
751 4069 786 4109 est
803 4061 913 4124 pluribus
930 4061 989 4110 locis
1006 4063 1090 4126 spargi.
1126 4063 1209 4111 Cetera
1226 4066 1307 4110 serant
1323 4062 1459 4124 coluntque,

291 4145 324 4198 ut,
351 4142 371 4188 si
398 4152 492 4190 1111111
518 4143 674 4206 visingruat,
693 4143 790 4193 obsessis
808 4145 963 4194 alimentaex
981 4146 1056 4208 ipsius
1074 4143 1459 4194 1111111111111111111111111.”

290 4224 450 4273 Reminisce're
466 4225 536 4273 etium
552 4226 621 4274 lonae
638 4227 680 4282 IV,
699 4227 737 4274 11.
