3226 4998
896 439 934 502 l·l

323 615 421 684 laedi.
446 639 490 682 cx
515 616 605 684 illius
628 617 773 704 imperio
797 623 933 702 paratae
949 616 1017 680 sint
1029 617 1178 685 iuvantis
1191 621 1352 686 manus!''
1369 621 1394 708 ¹)
1418 623 1493 689 Alio

322 728 396 795 loco
431 729 523 795 idem
558 730 686 796 Seneca
722 727 851 795 scribit:
899 728 1014 808 „Servi
1038 731 1149 796 sunt”.
1188 732 1295 799 immo
1328 733 1493 803 homines.

325 843 432 920 „servi
456 843 569 909 sunt''.
593 843 701 910 immo
731 839 1003 908 contubernales.
1032 843 1140 922 „servi
1165 847 1277 912 sunt”.
1301 847 1410 913 immo
1432 848 1493 914 hu·

322 954 420 1020 miles
454 956 567 1021 amici.
607 955 714 1034 „servi
749 955 860 1018 sunt''.
897 953 1005 1018 immo
1039 959 1207 1024 conservi:
1243 960 1271 1024 si
1294 960 1494 1044 cogitaveris

321 1068 539 1134 tantumdem
573 1069 609 1133 in
644 1075 805 1154 utrosque
840 1065 941 1133 licere
966 1067 1154 1134 fortunae.''
1179 1069 1206 1156 ¹)
1244 1071 1366 1158 ,Atque
1391 1075 1492 1140 etiam

320 1181 364 1246 ad
397 1183 480 1247 iuris
503 1182 694 1248 doctrinam
718 1181 801 1246 haec
821 1179 1013 1246 Stoicorum
1036 1191 1216 1270 praecepta
1239 1185 1398 1250 nonnihil
1422 1209 1494 1272 per·

320 1295 485 1361 tinebant.
532 1295 698 1362 Proculus
739 1294 833 1358 enim
868 1293 903 1358 in
939 1293 1103 1378 Digestis:
1156 1318 1243 1376 „non
1278 1305 1394 1364 tamen
1422 1321 1493 1386 spe

319 1409 484 1474 ctandum
507 1416 566 1490 est,
592 1387 676 1496 quid
698 1408 828 1473 Romae
853 1407 1050 1472 factumest
1073 1409 1171 1496 (sict),
1197 1431 1302 1496 quam
1323 1412 1407 1498 quid
1419 1413 1490 1479 fieri

318 1521 472 1588 debeat.’'
496 1519 523 1609 ⁸)
569 1523 613 1587 Et
646 1521 816 1608 Ulpianus
840 1521 882 1606 ⁴):
924 1520 1044 1600 „Quod
1080 1523 1202 1588 attinet
1237 1523 1357 1590 adius
1381 1525 1488 1606 civile,

318 1636 407 1702 servi
430 1656 492 1722 pro
516 1635 620 1701 nullis
643 1634 828 1700 habentur:
854 1655 924 1699 uon
948 1641 1065 1700 tamen
1089 1641 1122 1700 et
1145 1636 1219 1702 iure
1237 1637 1395 1718 naturali,
1411 1640 1489 1725 quia

319 1748 412 1835 quod
435 1749 479 1814 ad
502 1749 555 1814 ius
578 1747 732 1814 naturale
755 1748 886 1827 attinet,
907 1768 1026 1813 omnes
1039 1748 1196 1814 homines
1208 1749 1368 1835 aequales
1379 1753 1487 1816 sunt.’'

320 1862 420 1928 Credi
444 1861 523 1928 licet
542 1863 656 1928 Deum
668 1862 803 1926 infinita
816 1882 877 1926 sua
890 1861 1059 1946 sapientia
1070 1862 1118 1926 ite
1131 1862 1345 1928 Christianae
1358 1863 1490 1949 religio

319 1975 356 2040 ni
380 1975 473 2042 viam
494 1976 690 2063 patefecisse
716 1977 749 2062 ⁵),
775 1975 934 2061 quamvis
956 1975 994 2038 in
1018 1974 1186 2040 eiusmodi
1198 1974 1299 2040 rebus
1311 1977 1423 2042 cautio
1435 1977 1490 2042 ad-

320 2088 471 2154 hibenda
486 2089 538 2171 sit,
551 2111 631 2155 cum
643 2090 716 2154 iure
729 2109 790 2153 suo
803 2094 941 2152 moneat
953 2087 1098 2152 Boissier
1110 2086 1136 2174 ⁶)
1151 2110 1250 2174 saepe
1264 2109 1332 2175 quo
1345 2090 1488 2176 quisque

320 2224 340 2267 a
372 2201 565 2268 Christiana
599 2203 754 2268 doctrina
788 2201 944 2288 proxime
972 2200 1087 2266 abesse
1121 2201 1289 2282 videatur,
1325 2202 1373 2266 ita
1403 2203 1488 2269 diffi-

320 2315 445 2382 cillime
481 2339 562 2382 eum
595 2316 692 2381 illam
725 2315 916 2380 doctrinam
953 2313 1123 2400 amplecti.
1170 2315 1346 2401 Quicquid
1368 2316 1405 2380 id
1427 2324 1486 2398 est,

319 2431 390 2496 iam
416 2429 592 2517 aliquanto
615 2437 694 2495 ante
719 2450 824 2514 quam
847 2427 1060 2494 Christianus
1083 2428 1168 2492 ritus
1191 2427 1392 2513 praevaluit,
1417 2430 1488 2516 ipse

320 2565 437 2610 sensus
470 2543 683 2609 Christianus
717 2541 868 2606 multum
902 2541 1047 2606 contulit
1082 2541 1126 2606 ad
1150 2541 1334 2606 hominum
1357 2550 1490 2609 mentes

319 2657 418 2723 mites
450 2664 484 2723 et
509 2663 704 2722 mansuetas
737 2655 917 2720 faciendas.
964 2655 1006 2719 In
1040 2654 1076 2719 id
1099 2653 1273 2719 saeculum
1296 2661 1413 2721 autem
1436 2679 1489 2722 ca·

320 2771 408 2836 dunt
441 2769 613 2851 alimenta,
650 2791 751 2855 quae*
773 2769 931 2855 quamvis
954 2768 998 2833 ad
1020 2768 1069 2832 rei
1091 2767 1248 2854 publicae
1272 2771 1488 2855 potissimum

320 2884 469 2950 rationes
502 2883 680 2948 referenda
713 2904 783 2947 esse
808 2882 968 2962 vidimus
993 2888 1110 2946 tamen
1134 2903 1177 2946 ex
1202 2882 1353 2967 quadam
1376 2885 1486 2950 suavi-

319 3005 387 3064 tate
424 3019 560 3084 quoque
594 2996 819 3061 humanitatis
842 2996 1073 3061 effloruerunt.
1120 2994 1162 3059 Id
1184 2995 1255 3059 iam
1278 2996 1358 3062 inde
1383 3004 1485 3082 patet,

320 3111 413 3199 quod
435 3133 505 3176 non
529 3109 640 3177 solum
663 3109 770 3196 pueri,
795 3131 917 3174 verum
940 3109 1044 3173 etiam
1060 3107 1193 3194 puellae
1207 3109 1484 3194 respiciebantur‚

321 3226 480 3312 quodque
515 3225 641 3313 privati
673 3225 710 3288 in
744 3222 847 3288 simili
882 3221 1118 3286 munificentia
1155 3222 1277 3287 versati
1308 3229 1396 3288 sunt.
1444 3225 1486 3289 In

318 3339 411 3404 idem
445 3338 620 3404 saeculum
653 3336 782 3402 cadunt
814 3336 928 3402 variae
951 3335 1179 3416 liberalitates
1205 3357 1292 3422 quae
1315 3336 1486 3422 inopibus,

319 3452 459 3533 miseris,
488 3450 676 3538 peregrinis
709 3449 913 3516 eveniebant
936 3470 956 3513 a
979 3449 1120 3534 privatis
1144 3449 1341 3514 hominibus
1364 3451 1486 3516 eadem

317 3567 443 3633 virtute
466 3564 585 3630 ductis.
1171 3573 1174 3578 '

355 3753 370 3812 ¹)
386 3753 466 3800 Senes.
484 3752 529 3816 Ep.
546 3751 608 3800 Mor.
626 3751 677 3807 llll,
695 3767 731 3815 cp.
750 3750 764 3798 3
783 3751 842 3812 (95),
862 3750 900 3798 52,

350 3833 370 3894 ²)
394 3835 439 3897 Ep.
456 3833 518 3882 Mor.
536 3835 565 3891 V,
580 3849 616 3898 ep.
635 3834 649 3881 o
668 3833 729 3895 (47),
749 3834 770 3880 l.

349 3917 371 3978 ὃ)
396 3917 450 3979 Dig.
468 3917 489 3973 Ι,
508 3915 547 3973 18,
566 3916 605 3965 12.

253 3987 257 3994 '
351 3999 612 4062 amana

351 4083 370 4143 ι)
387 4081 424 4131 Cl.
442 4079 560 4139 Ubllmrn,
579 4079 677 4129 Christl.
694 4079 832 4138 Liebesthfi,
849 4096 901 4144 pag.
920 4080 951 4132 37
970 4096 1032 4144 seqq.

350 4165 370 4230 θ)
390 4163 468 4228 salig.
487 4179 546 4213 rom.
563 4161 670 4226 1121223.
687 4163 719 4212 66
736 4179 800 4229 seqq.
