3296 5008
823 517 888 584 246

266 694 445 783 scriptores
478 701 553 762 tum
587 695 851 783 inscriptionum
884 717 993 784 paene
1028 696 1184 764 infinitus
1213 718 1387 764 numerus,
1412 695 1438 784 ¹)

265 807 519 896 Saepenumero
552 831 633 876 sane
668 810 791 877 divites
824 809 933 876 coacti
966 810 1079 896 potius
1103 832 1210 898 quam
1233 817 1352 898 sponte
1376 832 1439 877 sua

264 921 422 990 liberales
444 924 545 990 fuisse
569 924 714 1010 putandi
737 931 827 990 sunt.
854 922 881 1010 ²)

309 1037 378 1104 Hic
418 1058 555 1124 quoque
589 1037 747 1123 ordinem
781 1037 958 1125 quendum
991 1059 1130 1105 servare
1165 1045 1438 1106 consentaneum

264 1150 410 1218 videtur.
456 1150 569 1229 Quare
603 1150 849 1218 liberalitatem
885 1152 979 1219 varia
1010 1173 1137 1237 genera
1166 1152 1355 1220 describere
1381 1174 1435 1220 co·
1485 1226 1487 1229 ,

265 1263 437 1331 nabimur.

308 1401 338 1444 c.
384 1379 501 1444 Primo
533 1377 608 1444 loco
643 1379 963 1446 commemorandae
986 1386 1066 1446 sunt
1094 1380 1285 1468 epulae,
1310 1402 1437 1468 spor·

297 1729 317 1791 ¹)
350 1730 489 1794 Complures
514 1731 630 1779 eiusmodi
656 1729 719 1780 locos
745 1735 768 1780 et
792 1730 874 1780 titulos
900 1731 924 1780 in
949 1732 1064 1795 proximis
1081 1733 1277 1782 commemorabo.
1312 1733 1436 1782 Nimirum

264 1819 319 1864 sunt
341 1830 434 1878 quoque
449 1815 514 1878 iique
531 1830 577 1863 noo
592 1814 668 1878 pauci,
686 1814 727 1878 qui
745 1813 814 1862 nullo
831 1814 992 1878 proximorum
1009 1831 1123 1879 generum
1141 1817 1314 1872 contineantur,
1331 1820 1435 1865 attamen

263 1903 287 1948 et
311 1898 358 1962 ipsi
383 1897 510 1946 beneficam
536 1897 682 1946 volunlatem
707 1896 776 1945 illius
801 1901 824 1945 et
849 1897 918 1946 illius
944 1897 1074 1948 illustrent.
1109 1899 1138 1948 Ιιι
1165 1899 1203 1948 his
1224 1903 1281 1948 sunt
1306 1899 1354 1948 Dio
1370 1899 1435 1949 Cass.

264 1992 373 2051 XLVIII,
390 1994 430 2051 32,
449 1992 480 2040 2:
501 1979 567 2046 „gal
587 1974 625 2050 εἷς
644 2000 682 2055 γε
702 1987 762 2040 τῶν
782 1980 852 2038 τότε
874 1986 931 2040 (erat
947 1998 1023 2030 annus
1040 1999 1061 2030 a.
1079 1997 1103 2030 u.
1120 1999 1141 2031 c.
1159 1982 1435 2044 714=a.chr.n.40)

263 2076 494 2135 ὑπατευσάντων
522 2077 648 2145 Λούκιος
678 2077 836 2150 Κορνήλιος
866 2074 990 2146 Βάλβος
1017 2072 1146 2151 ἐγένετο,
1168 2075 1320 2149 Γαδειρεύς
1340 2094 1375 2134 τε
1396 2072 1434 2132 ὢν

264 2171 312 2234 καὶ
343 2173 464 2250 πλούτῳ
493 2172 542 2234 καὶ
572 2177 753 2252 μεγαλονοίᾳ
784 2177 926 2231 τυσοῦτον
953 2170 1021 2240 τοὺς
1041 2172 1115 2233 καθ’
1137 2167 1238 2230 ἑαυτὸν
1259 2171 1434 2246 ἀνθρώπους

264 2260 465 2344 ὑπερενεγκὼν
495 2267 573 2328 ὥστε
603 2269 652 2330 καὶ
681 2267 790 2342 δωρεὰν
820 2278 881 2337 τοῖς
909 2270 1065 2344 Ῥωμαίοις
1091 2265 1146 2326 ἀνὰ
1167 2266 1257 2328 πέντε
1277 2268 1325 2329 καὶ
1346 2268 1435 2330 εὔιεσι

264 2363 408 2444 δραχμὰς
433 2370 578 2424 τελευτῶν
597 2365 799 2427 καταλιπεῖν.”
817 2393 849 2401 -
867 2366 894 2414 C·
912 2366 932 2414 I·
950 2366 977 2414 L·
996 2365 1036 2423 vl,
1054 2367 1119 2414 9545
1137 2370 1179 2424 (=
1197 2365 1217 2421 Ι,
1237 2365 1317 2422 1027;
1336 2365 1433 2413 Hersen

265 2462 347 2522 7244),
364 2461 444 2510 tabula
461 2477 589 2510 marmorea
608 2463 690 2510 effossa
707 2462 733 2510 in
750 2462 789 2509 via
806 2461 890 2525 Appia,
908 2467 935 2508 ut
952 2460 997 2508 viri
1015 2459 1076 2507 docti
1089 2458 1321 2524 putantexeiusdem
1333 2457 1434 2522 Augusti

263 2549 344 2594 aetate.
375 2545 418 2594 Est
435 2551 614 2594 monumentum
632 2545 754 2593 cuiusdam
772 2543 927 2608 margaritarii
945 2544 973 2592 de
991 2559 1055 2591 sacra
1073 2543 1118 2596 via.
1136 2542 1178 2605 qui
1196 2541 1310 2590 viatorem
1328 2541 1354 2590 in
1371 2541 1436 2589 hune

264 2629 311 2678 lere
336 2629 433 2677 modum
459 2627 590 2692 alloquitur
613 2628 715 2691 (Ritschl
741 2627 814 2689 una.
842 2628 916 2676 Rhen.
944 2626 999 2674 xlv
1024 2642 1077 2690 pag.
1096 2625 1143 2678 307
1163 2645 1194 2669 =
1212 2625 1300 2690 Opuse.
1318 2624 1359 2681 IV,
1377 2625 1436 2683 365)

265 2729 346 2762 versus
363 2713 496 2762 coniectura
509 2713 637 2773 restitnit):

364 2794 456 2860 Hospes
473 2797 555 2844 resiste
567 2807 590 2844 et
607 2795 651 2844 hdo
667 2811 778 2860 grumum
795 2796 826 2843 sd
842 2795 932 2844 laevam
950 2793 1028 2859 ispiee

366 2881 420 2929 ubei
437 2878 589 2928 eontinentur
606 2878 722 2944 [uendite]
741 2895 792 2928 ossa
808 2876 914 2928 hominis
931 2878 995 2937 boni,

366 2962 473 3022 amantis,
495 2961 660 3020 misericordis,
679 2963 750 3026 frugi,
768 2961 884 3027 pauperis.

383 3049 447 3108 Rogo
465 3046 495 3104 te,
509 3047 591 3105 viator,
609 3046 701 3096 timulo
719 3047 775 3095 huic
792 3046 829 3094 nil
846 3045 908 3095 male
925 3043 1008 3093 leceris

266 3130 341 3181 Panlo
366 3130 434 3179 aliter
460 3129 575 3178 Biicheler
599 3131 662 3194 apud
687 3129 831 3187 Fleckeisen,
856 3128 954 3178 Jahrbb.
973 3128 1046 3185 1863,
1064 3144 1117 3191 pag.
1136 3127 1192 3179 769.
1210 3153 1242 3162 -
1257 3125 1324 3183 Vlll,
1342 3125 1437 3173 essse

267 3214 390 3279 provincia
414 3213 543 3261 Numidia:
571 3213 649 3277 „DIiaI
675 3213 813 3275 Mlcuibus).
848 3213 959 3261 Geminis
983 3212 1089 3275 Ingenua
1114 3209 1253 3274 univir[']a,
1279 3208 1437 3256 conservatrix

267 3298 412 3354 dulcissima,
446 3301 521 3345 mater
548 3298 657 3344 omnium
683 3297 817 3354 bominum,
843 3312 927 3360 parens
952 3295 1089 3360 o[m]uibus
1114 3292 1289 3357 subvenie[n]s,
1315 3291 1438 3349 innocens,

266 3382 403 3438 castissima,
429 3384 554 3444 praestans,
581 3380 708 3439 rarissima,
734 3381 813 3443 v(ixit)
839 3383 932 3442 a(uoos)
957 3379 1064 3427 Llllllll.
1098 3378 1199 3426 Tristem
1218 3376 1273 3424 iecit
1289 3375 1437 3435 neminem).

267 3467 345 3527 Olssa)
363 3463 456 3526 dolel)
473 3463 550 3523 blena)
567 3463 731 3526 q(uiescant).'’

300 3549 320 3610 ²)
354 3548 416 3596 Suet.
442 3546 558 3598 libili:
578 3546 655 3610 „Cum
672 3547 808 3596 Pollentina
825 3547 892 3611 plebs
909 3548 980 3596 funus
998 3546 1119 3595 cuiusdam
1138 3543 1295 3608 primipilaris
1312 3543 1438 3607 nonprius

266 3649 294 3682 ex
319 3633 369 3681 soro
394 3629 506 3686 misisset,
533 3645 602 3693 quam
629 3634 717 3679 extorta
738 3631 837 3695 pecunia
854 3646 895 3694 per
913 3630 961 3678 viru
978 3629 1103 3678 heredibus
1121 3629 1150 3676 ad
1166 3627 1332 3691 gladiatorium
1351 3641 1438 3674 munus

267 3735 287 3766 e.
305 3733 328 3782 q.
346 3715 381 3766 s.”
416 3715 488 3779 Quid,
512 3715 620 3763 consules
641 3730 696 3763 cum
714 3715 764 3762 sive
781 3715 942 3778 magistratum
961 3714 1068 3762 ineuntes
1086 3712 1136 3760 sive
1153 3726 1196 3774 pro
1213 3709 1351 3772 magistratu
1370 3708 1439 3756 ludos

266 3800 407 3850 exhibebant
431 3799 592 3864 sportulisque
617 3815 698 3847 cenem
723 3796 873 3861 praebebant,
896 3813 974 3845 nonne
991 3796 1047 3843 illos
1064 3811 1156 3859 quoque
1174 3809 1260 3841 morem
1280 3796 1373 3840 tantum
1389 3806 1438 3839 ser·

266 3884 358 3932 vasisse
375 3884 470 3941 dixeris,
487 3884 556 3931 cuius
574 3881 711 3945 neglegendi
730 3885 865 3945 potestatem
884 3896 931 3928 non
949 3879 1082 3927 haberent?
1116 3878 1152 3925 Ol.
1171 3877 1247 3939 Epist.
1267 3873 1438 3932 Diss.lV,10,

268 3967 316 4024 21;
342 3966 477 4016 Nemesisn.
503 3967 538 4014 De
564 3968 657 4030 Aucup.
685 3965 715 4012 16
741 3980 803 4028 seqq.
839 3963 907 4010 Prior
924 3961 990 4010 locus
1007 3965 1042 4009 est
1059 3961 1105 4022 (lid
1131 3959 1228 4018 Didot):
1255 3955 1331 4024 „Kal
1351 3960 1381 4014 τί
1402 3955 1439 4015 τὸ

267 4059 419 4136 γινόμενόν
449 4057 535 4134 ἔστη
572 4059 699 4121 Δώδεκα
730 4055 829 4129 δεσμὰ
861 4055 992 4132 ῥάβδων,
1025 4054 1073 4117 καὶ
1103 4053 1164 4128 τρὶς
1195 4049 1371 4127 ἢτετράκις
1392 4047 1439 4112 ἐπὶ

267 4155 358 4232 βῆμα
389 4159 526 4231 καθίσαι,
555 4155 605 4219 saal
621 4154 762 4231 Κιρκήσια
783 4154 889 4226 δοῦναι,
910 4154 958 4214 καὶ
979 4155 1098 4228 σπυρίσι
1117 4149 1287 4210 duruisse?
1322 4149 1358 4198 De
1374 4148 1440 4200 ludis

269 4253 434 4304 consularibus
452 4253 507 4303 vide
523 4254 635 4304 Momms.
653 4253 708 4302 Sta.
725 4251 761 4301 11³
779 4267 831 4316 pag.
851 4250 898 4299 136
916 4265 979 4314 seqq.
