3274 4998
819 488 884 555 194

440 665 508 732 Hic
530 665 660 732 intrant
683 666 797 733 faciles
820 667 889 733 emi
913 666 1058 754 puellae,

440 779 507 845 Hic
531 780 726 865 agnoscitur
750 802 861 862 omne,
887 781 979 868 quod
1001 781 1143 847 theatris

440 893 512 958 Aut
534 893 644 959 forma
668 893 779 980 placet
801 900 860 960 aut
884 894 1050 981 probatur
1073 901 1155 961 arte.

440 1007 516 1072 Hoc
536 1007 706 1094 plaudunt
729 1029 830 1092 grege
854 1009 984 1094 Lydiae
1007 1011 1189 1090 tumentes,

439 1120 516 1186 Illic
538 1120 695 1206 cymbala
719 1121 942 1209 tinnulaeque
964 1122 1086 1202 Gades,

440 1233 515 1300 Illic
539 1234 678 1319 agmina
696 1236 913 1302 confremunt
937 1235 1112 1321 Syrorum,

441 1348 509 1413 Hie
533 1347 628 1434 plebs
651 1349 783 1415 scenica
807 1349 935 1437 quique
959 1349 1179 1415 comminut‘s

439 1462 642 1527 Permutant
665 1463 781 1528 vitreis
804 1462 940 1546 gregale
964 1462 1093 1548 sulpur.

392 1561 395 1566 ’
485 1575 580 1640 Inter
603 1596 690 1661 quae
712 1575 824 1642 subito
848 1576 975 1642 eadunt
1001 1575 1116 1642 volatu

441 1689 633 1754 Immensae
658 1689 838 1757 volucrum
862 1712 923 1776 per
946 1696 1036 1755 astra
1057 1687 1174 1769 nubae,

441 1802 534 1880 Quas
556 1801 655 1868 Nilus
678 1824 771 1868 sacer
794 1803 1019 1890 horridusque
1044 1803 1173 1882 Phasis
1199 1803 1223 1888 ¹)

442 1917 535 1994 Quas
556 1917 624 1981 udo
647 1916 818 1982 Numidae
842 1916 962 2002 legunt
984 1915 1047 1982 sub
1070 1921 1194 1982 austro.

442 2029 575 2095 Desunt
598 2029 658 2115 qui
682 2030 817 2116 rapiant
840 2031 1002 2116 sinusque
1027 2029 1120 2116 pleni

441 2143 611 2225 Gaudent,
636 2143 720 2208 dum
744 2165 834 2210 nova
857 2143 953 2209 luera
976 2147 1229 2229 comparantur.

442 2255 583 2322 Tollunt
606 2257 804 2323 innumeras
827 2257 869 2322 ad
893 2263 982 2322 astra
1006 2278 1105 2324 voees

444 2369 638 2436 Saturnalia
662 2371 825 2457 principis
847 2377 1005 2436 sonantes

443 2483 488 2548 Et
512 2483 603 2549 dulci
627 2484 807 2549 dominum
831 2485 946 2550 favore
971 2483 1140 2549 clamant:

443 2597 519 2663 Hoc
543 2597 653 2662 solum
679 2598 787 2664 vetuit
811 2597 912 2664 licere
937 2598 1091 2664 ansar.''
1121 2596 1147 2683 2)

270 2739 462 2748 —-—-—-—

265 2809 326 2856 auch
351 2808 377 2856 in
402 2809 447 2857 den
473 2807 737 2872 Spielankiindigungen
763 2824 792 2856 zu
816 2808 925 2872 Pompeji
952 2808 1003 2856 CIL
1029 2808 1062 2855 IV
1088 2808 1111 2855 S.
1130 2807 1161 2860 70
1179 2808 1204 2854 ff.
1239 2807 1315 2854 Wenn
1333 2806 1368 2854 St.
1385 2804 1439 2852 eine

267 2892 345 2940 solche
370 2892 508 2956 Sprengung
532 2891 636 2954 gemeint
661 2891 732 2949 hatte,
756 2907 780 2938 so
799 2891 878 2939 wilrde
895 2907 920 2938 er
938 2891 971 2938 sie
988 2890 1048 2938 wohl
1067 2891 1112 2938 wie
1129 2889 1188 2938 alles
1205 2890 1290 2938 endere
1308 2888 1381 2936 uther
1397 2887 1437 2934 be·

267 2975 387 3024 schrieben
413 2974 505 3032 haben3
530 2975 613 3022 rudem
632 2975 719 3022 konnte
737 2974 770 3022 sie
787 2974 859 3022 kaum
879 2976 993 3022 tumultus
1010 2989 1130 3037 eraeugen.
1165 2973 1207 3021 Ich
1224 2972 1310 3036 glcube
1327 2971 1372 3019 mit
1389 2971 1438 3018 Gu-

268 3072 356 3116 vsaar,
382 3059 435 3106 dass
459 3057 552 3121 sparsio
575 3057 679 3118 (beaohte
705 3057 764 3104 euch
791 3057 858 3105 diues
876 3057 919 3105 wie
938 3058 1006 3105 linea
1025 3057 1092 3106 diues
1109 3057 1181 3104 Mart.
1201 3056 1262 3104 VIII
1281 3055 1321 3108 78.
1348 3053 1438 3106 Istat.

267 3141 326 3190 Silv.
342 3141 380 3189 Ill
398 3141 421 3188 3.
440 3141 497 3201 147)
514 3141 566 3188 hier
582 3141 620 3188 die
637 3142 801 3203 Ausstreuung
818 3141 859 3188 der
878 3140 958 3188 Gebcu
978 3141 1026 3188 und
1044 3145 1142 3188 tesserae
1158 3139 1272 3188 bedeutet.
1307 3139 1341 3186 Zu
1359 3137 1439 3185 diesen

268 3229 365 3274 tesserae
384 3224 496 3288 gehdrten
513 3224 573 3272 auch
590 3223 683 3272 lasciua
701 3223 841 3271 nomismata
860 3223 938 3284 (Mart.
957 3223 1017 3272 VIII
1035 3223 1074 3274 78.
1094 3223 1320 3281 walamnum)
1337 3220 1438 3268 Marken

268 3308 313 3357 mit
337 3307 451 3355 obscenen
476 3306 658 3370 Darstellungen
684 3306 796 3368 (Euaissa
824 3307 852 3354 l).
878 3306 909 3354 N.
936 3306 995 3354 VIII
1022 3306 1087 3367 315),
1114 3305 1202 3354 welche
1228 3305 1266 3353 die
1282 3303 1377 3368 faciles
1395 3303 1440 3352 emi

267 3393 362 3456 puellae
377 3389 413 3438 als
430 3389 537 3454 Zahlung
555 3390 657 3438 nahmen
667 3387 681 3408 ’³

304 3475 324 3534 ¹)
358 3473 414 3522 Post
439 3489 462 3522 v.
489 3473 519 3526 77
544 3473 616 3522 talem
641 3476 689 3523 sere
714 3491 808 3524 versum
834 3474 980 3524 intercidisse
1005 3473 1104 3520 coniecit
1129 3470 1339 3520 Wachsmuthius:
1358 3469 1439 3534 „Quas

269 3557 361 3620 Ganges
378 3555 441 3604 lavat
458 3556 531 3617 (sive:
551 3555 636 3620 ,‚alit''l
652 3574 678 3606 ac
695 3558 763 3622 palus
782 3557 947 3622 Scytharum.'’
983 3556 1019 3604 Or.
1037 3559 1115 3604 tamen
1127 3554 1233 3602 Vollmer
1241 3555 1270 3602 ad
1279 3553 1343 3602 hune
1352 3552 1439 3601 locum.

303 3639 323 3700 ²)
358 3640 420 3688 Haec
446 3638 551 3703 exempla
577 3641 700 3690 sufficiant.
736 3641 760 3688 Si
787 3657 846 3704 quae
872 3642 930 3688 forte
955 3642 1072 3704 praeterea
1097 3637 1281 3701 ascriptoribus
1299 3651 1438 3684 commemo·

269 3733 353 3772 rantur
377 3721 467 3788 epulae,
492 3723 534 3771 has
553 3727 579 3772 ut
597 3724 695 3772 minoris
712 3724 825 3772 momenti
843 3723 968 3788 praeterire
985 3723 1048 3781 licet,
1067 3730 1093 3769 ut
1109 3721 1172 3784 quod
1190 3720 1218 3768 de
1236 3720 1344 3768 Macrino
1361 3723 1442 3767 narrat

269 3817 366 3866 Cassius
388 3817 434 3866 Dio
460 3817 600 3879 (LXXVIII,
628 3819 667 3876 34,
694 3819 734 3878 3):
772 3809 848 3874 uada
882 3819 936 3878 τῆς
966 3807 1055 3877 αὐτῆς
1078 3807 1189 3877 ταύτης
1211 3808 1304 3874 αἰτίας
1327 3805 1374 3866 καὶ
1398 3811 1440 3880 τῷ

270 3915 354 3990 δήμῳ
378 3915 490 3973 δεῖπνον
513 3913 593 3975 κατὰ
616 3918 801 3986 πεντήκοντα
825 3915 873 3976 καὶ
896 3911 1005 3973 ἐντατὸν
1029 3910 1171 3992 δραχμὰς
1193 3909 1285 3986 ἔνειμε
1309 3910 1375 3984 πρὶν
1392 3909 1440 3970 καὶ

271 4021 362 4078 ὁτιοῦν
395 4019 460 4094 περὶ
487 4028 540 4088 τῆς
564 4017 794 4090 ἐπαναστάσεως
816 4019 913 4089 αὐτοῖς
936 4019 1123 4092 διαδηλῶσαι,
1148 4017 1193 4076 ἰ’να
1217 4016 1260 4092 μὴ
1283 4017 1312 4075 δι’
1334 4013 1441 4086 ἐκείνην

272 4122 342 4183 ἀλλ’
379 4121 407 4192 ἐς
441 4123 495 4194 τὴν
518 4132 569 4183 τοῦ
592 4125 661 4195 υἱέος
683 4125 771 4202 τιμὴν
796 4125 895 4185 ἑστιᾶν
918 4121 1022 4193 αὐτοὺς
1044 4119 1231 4200 νσμισθείη.”
1268 4127 1378 4176 Ceterum
1396 4126 1439 4174 im.

273 4229 402 4292 peratorem
427 4230 484 4275 tunc
504 4242 551 4275 non
568 4227 666 4292 epulum
683 4229 763 4293 ipsum
782 4230 874 4277 dedisse
891 4231 961 4292 patet,
977 4228 1017 4276 sed
1033 4225 1099 4290 epuli
1118 4225 1212 4274 nomine
1228 4224 1316 4289 populo
1334 4227 1443 4272 centenas
