3296 5008
839 468 903 535 210

281 643 388 712 Fiunt
410 652 526 713 autem
549 668 672 714 usurae
696 667 815 713 omnes
837 646 978 732 (scilicet
1001 647 1032 728 2,
1057 646 1099 712 43
1112 647 1318 735 computatis
1329 651 1449 713 sester-

281 758 337 824 tiis
363 779 434 824 non
457 758 679 842 XXXXIlX,
703 759 762 826 sed
784 759 974 846 XXXXII)
998 759 1189 826 sestertium
1212 759 1332 827 decem
1355 757 1453 826 milia

282 871 510 959 quadraginta
541 873 694 961 quinque
729 872 877 959 (10045),
917 893 1005 959 quae
1043 873 1071 939 si
1102 878 1279 939 semestres
1301 873 1451 953 luerunt,

282 1007 417 1053 annuae
440 986 636 1053 efficiuntur
652 986 845 1052 sestertium
858 986 981 1072 viginti
993 985 1089 1052 milia
1100 987 1288 1072 nonaginta
1301 985 1450 1071 (20090),

282 1119 364 1165 cum
398 1099 609 1168 Veleiatibus
638 1121 756 1166 annua
778 1106 1043 1166 numerarentur
1065 1100 1258 1167 sestertium
1282 1099 1452 1187 quinqua·
1521 1190 1523 1194 Ι

281 1212 379 1298 ginta
412 1213 481 1280 duo
519 1213 616 1280 milia
649 1214 789 1280 ducenti
822 1214 969 1300 (52200).
1015 1212 1117 1293 Quod
1139 1214 1168 1280 si
1191 1213 1290 1301 pueri
1310 1212 1453 1279 alimen·

282 1327 361 1392 terii
393 1327 487 1414 apud
521 1327 665 1414 Ligures
696 1327 817 1394 eadem
840 1334 943 1414 atque
968 1326 1137 1396 Veleiates
1161 1327 1342 1394 commoda
1364 1326 1451 1393 acci-

283 1439 433 1527 piebant,
467 1441 503 1507 id
537 1448 588 1508 est
621 1441 789 1508 sestertios
819 1462 953 1508 annuos
977 1439 1113 1524 GXOH,
1138 1463 1273 1508 summa
1296 1441 1356 1507 illa
1379 1462 1453 1528 per-

283 1554 379 1622 venit
400 1554 444 1620 ad
467 1577 590 1642 pueros
613 1555 729 1642 paullo
752 1554 831 1642 plus
854 1556 1025 1624 centum.”

327 1668 379 1734 De
402 1668 612 1736 Veleiatium
635 1668 752 1736 tabula
766 1669 883 1736 scribit
896 1669 1071 1736 Bormann
1083 1668 1120 1734 in
1132 1670 1169 1736 0.
1181 1670 1209 1736 Ι.
1224 1670 1263 1736 L.
1278 1689 1286 1734 τ
1301 1667 1454 1751 „Tabula

284 1783 437 1849 continet
459 1783 545 1850 duas
567 1782 791 1869 obligationes
814 1782 1032 1870 praediorum
1056 1805 1118 1871 pro
1143 1784 1297 1871 pecuniis
1313 1783 1455 1849 alimen·

284 1904 399 1964 torum
422 1918 524 1964 causa
545 1897 588 1963 ab
611 1897 695 1985 imp.
718 1897 866 1964 Traiano
889 1897 986 1979 datis,
1011 1918 1160 1984 quarum
1190 1920 1277 1987 quae
1301 1906 1454 1984 tempore

284 2012 378 2099 prior
400 2018 460 2094 est,
483 2012 573 2078 facta
596 2034 657 2100 per
679 2011 877 2079 Cornelium
889 2011 1109 2079 Gallicanum
1123 2009 1158 2100 ¹),
1172 2020 1359 2100 antequam
1370 2011 1454 2079 Tra-

285 2126 385 2192 ianus
418 2148 545 2193 nomen
580 2126 697 2193 Dacici
730 2127 907 2213 acciperet,
930 2127 965 2192 id
990 2133 1040 2193 est
1063 2134 1141 2193 ante
1165 2127 1296 2193 exitum
1322 2149 1352 2194 a.
1379 2127 1453 2209 102,

286 2241 484 2327 appendicis
517 2241 624 2306 instar
657 2241 763 2307 ineisa
788 2248 838 2307 cst
863 2242 900 2306 in
928 2248 1083 2307 extrema
1100 2241 1231 2328 ,pagina
1256 2243 1275 2307 7
1301 2239 1455 2309 versibus

286 2355 428 2420 31-60.
462 2355 505 2420 In
530 2355 595 2421 hae
610 2355 764 2442 quinque
776 2355 933 2421 homines
954 2402 1051 2422 .....
1065 2353 1305 2440 obligaverunt
1317 2354 1456 2441 praedia

286 2467 431 2555 decuplo
466 2468 643 2535 aestimata
677 2469 714 2534 in
740 2469 904 2556 pecunias
928 2490 1075 2557 quarum
1100 2468 1455 2535 0001100101172000

286 2589 413 2649 sestert.
448 2583 515 2650 Pro
540 2583 665 2670 quibus
685 2603 765 2650 cum
778 2604 900 2649 usurae
914 2584 1125 2670 quincunccs
1137 2582 1318 2651 solvendae
1331 2588 1452 2663 essent,

287 2697 472 2783 quotannis
495 2696 732 2764 efficiebantur
754 2697 841 2763 3600
854 2697 1006 2778 sestertii,
1023 2718 1067 2764 ex
1083 2696 1209 2784 quibus
1221 2694 1453 2783 accipiebant:

768 2832 904 2898 quoque
929 2833 1045 2878 mense
1071 2791 1209 2899 quoque
1232 2831 1323 2877 anno

332 2925 430 3012 pueri
453 2924 596 3011 legitimi
649 2926 689 2992 18
915 2929 955 2992 16
1174 2928 1244 2991 192
1269 2951 1312 2986 =
1338 2925 1424 2990 3456

334 3037 448 3125 puella
472 3037 626 3124 legitima
672 3040 689 3102 1
917 3040 957 3104 12
1183 3042 1249 3106 144
1272 3065 1315 3100 =
1361 3040 1427 3104 144

886 3287 888 3292 Ι
1179 3223 1316 3268 summa
1339 3200 1458 3267 3600.”

333 3317 412 3384 Non
446 3317 630 3403 indignum
664 3317 800 3386 videtur
823 3317 927 3384 huius
950 3316 1166 3403 obligationis
1189 3316 1319 3403 primos
1343 3336 1460 3384 versus

289 3453 333 3498 ex
355 3432 429 3518 ipsa
453 3431 570 3498 tabula
591 3432 760 3498 inserere:

337 3545 446 3626 „Item
481 3545 642 3631 obligatio
678 3545 898 3633 praediorum
932 3547 1021 3612 facta
1048 3567 1109 3632 per
1133 3544 1332 3612 Cornelium
1355 3541 1459 3609 Galli·

291 3697 418 3741 canum
446 3675 489 3742 eb
524 3675 584 3742 HS
617 3663 767 3758 L—XX‘IT,
790 3683 829 3742 ut
852 3699 895 3742 ex
920 3677 1135 3762 indulgentia
1158 3676 1279 3763 optimi
1305 3674 1461 3740 maximi·

292 3811 357 3877 que
381 3790 546 3878 principis
571 3790 662 3877 Imp.
687 3791 780 3857 Caes.
804 3792 938 3858 Nervae
950 3791 1090 3858 Traiani
1102 3790 1251 3876 Augusti
1264 3786 1462 3855 Germanici

325 3982 346 4040 ¹)
381 3981 417 4028 De
442 3981 485 4030 hoe
513 3980 623 4030 Cornelio
648 3980 771 4030 Gallicano
797 3981 824 4029 in
850 3981 999 4030 adnotatione
1016 3981 1095 4030 addit:
1115 3980 1176 4044 „His
1195 3981 1241 4029 iem
1259 3979 1380 4044 impressis
1398 3979 1462 4028 11011-

294 4078 368 4111 zenus
384 4064 506 4113 certiorem
523 4066 676 4114 0101001101
693 4064 818 4130 privilegio
835 4064 915 4129 aliquo
932 4065 1032 4114 militari
1049 4064 1123 4113 musei
1141 4063 1285 4113 Pestinensis
1302 4063 1364 4112 edito
1386 4062 1464 4128 Uaga·

294 4146 371 4196 rische
387 4146 468 4196 Reeue
486 4148 550 4198 laea
567 4166 591 4214 p.
609 4149 658 4198 alo
676 4165 740 4214 seqq.
758 4149 864 4213 cognosci
883 4148 911 4198 C.
929 4148 1067 4198 Cornelium
1085 4147 1236 4198 Gallicanum
1255 4148 1328 4197 luisse
1344 4146 1465 4197 consulem

292 4231 416 4281 suffectum
433 4247 453 4281 a.
472 4231 528 4280 843¹
1320 4239 1322 4246 “
