3274 4998
858 454 922 520 128

299 652 410 717 pauea
442 653 513 697 eme
548 632 638 698 saeta
671 631 716 698 ad
748 630 900 698 tollenda
934 631 1026 697 mala
1061 653 1148 719 quae
1171 654 1216 698 ex
1238 632 1468 700 faeneratione

298 744 547 810 nascebantur:
593 744 745 811 obaerati
792 744 1012 826 iuvabantur,
1051 766 1174 810 usurae
1213 746 1468 827 minuebantur,

298 858 526 924 faeneratores
549 857 795 924 multabantur.
842 858 893 924 Ao
910 864 1027 924 tamen
1041 865 1174 924 constat
1185 858 1362 925 obaeratos
1373 860 1469 924 omni

298 977 452 1059 tempore
487 972 590 1038 fuisse
614 971 741 1038 multos
763 972 969 1058 eosdemque
994 972 1211 1038 miserrimos,
1258 972 1359 1039 Unde
1383 973 1469 1038 haee

298 1108 352 1152 res
374 1092 424 1151 est
446 1085 676 1170 explicanda?
699 1086 755 1150 Ex
777 1086 861 1172 ipsa,
881 1086 1012 1172 opinor,
1026 1091 1222 1172 temporum
1235 1085 1333 1172 quasi
1344 1092 1470 1152 natura

299 1199 439 1286 qualem
461 1221 565 1286 supra
587 1199 838 1286 descripsimus.
862 1198 1013 1283 Legibus
1035 1205 1153 1264 autem
1174 1199 1236 1264 illa
1251 1199 1343 1265 mala
1355 1200 1468 1265 sanari

299 1333 370 1378 non
392 1319 569 1399 poterant;
594 1312 638 1377 ad
660 1311 720 1377 illa
741 1312 962 1397 exstirpanda
984 1334 1119 1378 neeesse
1142 1319 1215 1378 erat
1232 1313 1468 1398 magnafieret

298 1427 522 1492 commutatio
556 1448 682 1492 rerum.
720 1424 745 1510 ¹)
790 1425 988 1491 Dolendum
1021 1432 1071 1491 est
1106 1426 1199 1512 quod
1233 1448 1276 1492 ne
1311 1425 1469 1492 salutaris

299 1539 440 1636 quidem
473 1539 533 1604 illa
566 1539 719 1605 Caesaris
756 1538 814 1604 lex
847 1539 892 1604 ad
925 1539 1087 1604 effectum
1109 1539 1234 1605 adduci
1257 1540 1378 1626 potuit,
1405 1540 1467 1620 „de

298 1654 401 1718 modo
434 1644 596 1719 credendi
629 1653 892 1738 possidendique
926 1653 1018 1717 intra
1050 1652 1221 1734 Italiam'',
1257 1653 1339 1739 quia
1361 1691 1407 1703 -
1429 1660 1469 1718 ut

298 1788 402 1853 supra
423 1766 524 1832 dooui
546 1765 573 1853 ¹)
594 1804 640 1815 -
663 1766 747 1832 haec
769 1766 827 1832 lex
849 1787 889 1832 eo
913 1772 1078 1852 spectasse
1103 1765 1247 1846 videtur,
1272 1773 1311 1831 ut
1338 1767 1467 1852 negotii

297 1886 454 1965 gerentes
476 1880 526 1946 rei
548 1879 726 1945 familiaris
747 1886 880 1967 partem
902 1879 940 1943 in
952 1879 1111 1945 colendos
1123 1899 1222 1965 agros
1233 1880 1465 1947 insumerent:

299 2014 382 2058 nam
408 1992 515 2074 „nihil
538 1999 589 2058 est
610 1993 684 2078 agri
707 1992 842 2059 cultura
864 1992 1019 2058 melius''.
1043 1990 1070 2080 ⁸)
1115 1993 1326 2078 Rogationes
1348 2000 1466 2060 eontra

297 2106 339 2172 de
369 2107 468 2174 novis
502 2105 629 2172 tabulis
663 2112 697 2173 et
730 2107 772 2172 de
803 2106 959 2172 mercede
983 2105 1237 2172 habitationum
1260 2107 1466 2172 remittenda

297 2219 487 2286 multorum
524 2220 654 2286 seilicet
691 2220 857 2286 afflictum
892 2225 1020 2285 statum
1055 2218 1291 2301 sublevabant,
1328 2221 1465 2287 easdem

297 2341 414 2400 tamen
448 2334 551 2400 fuisse
585 2334 826 2422 iniquissimae,
853 2333 961 2414 immo
983 2332 1083 2399 valde
1106 2333 1319 2420 propinquas
1346 2334 1465 2414 „Com-

296 2448 490 2513 munismo'’
515 2448 634 2535 (quem
657 2447 794 2534 vocant)
815 2447 1039 2512 manifestum
1062 2446 1174 2531 est.·⁴)

332 2610 349 2673 Σ)
383 2612 436 2660 Non
462 2613 507 2660 hoo
532 2612 591 2670 dieo,
608 2628 686 2660 rerum
704 2610 865 2659 eondioionem
882 2615 962 2658 nostra
978 2613 1052 2658 aetate
1068 2626 1118 2658 esse
1135 2609 1365 2658 recumbentem.
1385 2611 1464 2660 Huius

295 2695 381 2744 saeculi
408 2696 530 2760 ingenium
555 2712 626 2760 snpra
642 2700 703 2760 (pag.
722 2695 769 2743 109
787 2693 842 2742 ooll.
859 2710 911 2758 pag.
931 2695 954 2752 1)
971 2693 1110 2742 adumbrare
1127 2699 1225 2742 oonatns
1242 2709 1304 2742 sum.
1323 2696 1356 2742 at
1372 2694 1464 2744 malum

295 2777 567 2843 aliamapeeiem
585 2777 671 2826 induit.

329 2861 347 2921 ²]
383 2878 434 2925 pag.
457 2861 688 2910 ulemadar.
734 2896 737 2900 -

276 2957 280 2964 ’
329 2944 349 3003 ³)
383 2944 721 3004 cie.Deor.1,4a‚151.

329 3029 349 3090 ⁴)
382 3027 469 3077 Debeo
478 3044 560 3077 earnm
568 3029 716 3092 rogationum
724 3031 807 3077 natura
815 3028 845 3076 of.
855 3044 915 3092 pagg
933 3027 1113 3084 12³,1240um
1124 3027 1179 3077 adn.
1189 3029 1212 3087 5,
1223 3027 1270 3080 127
1280 3043 1336 3076 enm
1344 3028 1399 3078 adn,
1410 3028 1432 3086 1,
1441 3031 1465 3078 4,
