3226 4998
708 484 751 548 49

142 661 294 748 iniquior
327 660 439 727 fiebat.
486 661 600 740 Quare
638 661 827 741 „iuventus
862 682 949 747 quae
972 661 1009 727 in
1033 661 1122 746 agris
1145 681 1314 726 manuum

142 775 297 841 mercede
331 775 485 861 inopiam
508 773 720 855 toleraverat,
749 775 892 860 privatis
917 780 1019 860 atque
1046 773 1192 861 publicis
1214 773 1315 858 largi·

141 887 292 953 tionibus
305 889 416 954 excita
428 887 601 953 urbanum
614 889 723 954 otium
736 888 870 972 ingrato
883 887 992 953 labori
1005 887 1274 975 (praeferebat)''.
1291 886 1315 973 ¹)

141 1003 244 1066 Iustis
278 1002 319 1066 de
347 1002 459 1067 causis
481 1002 586 1086 igitur
610 1001 729 1067 Livius
754 1023 834 1066 curn
862 1001 1012 1087 quadam
1035 1001 1200 1067 sermonis
1224 1022 1316 1065 ama-

142 1115 292 1180 ritudine
327 1115 368 1179 de
403 1137 463 1180 suo
498 1113 652 1180 saeculo:
693 1114 821 1194 ,simile
845 1115 918 1181 veri
941 1121 1000 1195 est,
1024 1115 1147 1201 inquit,
1173 1165 1314 1179 .....

142 1227 432 1294 innumerabilem
456 1227 714 1293 multitudinem
737 1227 925 1293 liberorum
937 1228 1090 1314 capitum
1102 1228 1140 1292 in
1154 1228 1202 1293 eis
1214 1227 1315 1292 fuisse

143 1342 234 1422 locis,
271 1363 357 1428 quae
381 1363 473 1406 nunc
497 1342 558 1407 vix
581 1342 763 1406 seminario
787 1341 912 1425 exiguo
936 1340 1087 1406 militum
1110 1341 1227 1406 relicto
1250 1363 1316 1406 ser·

136 1457 228 1522 ,vitia
251 1456 408 1520 Romana
431 1455 474 1520 ab
497 1454 679 1520 solitudine
703 1455 912 1521 vindicant.’⁷
940 1453 966 1541 ⁹)

188 1570 395 1655 Priusquam
428 1568 469 1633 de
504 1567 611 1633 libera
645 1590 680 1634 re
716 1568 854 1654 publica
885 1575 1098 1632 transeamus
1126 1567 1170 1632 ad
1194 1568 1312 1633 Caesa·

143 1683 241 1748 riana
263 1689 427 1768 tempora,
451 1703 522 1746 non
544 1681 728 1766 indignum
753 1681 839 1745 mihi
867 1681 1003 1747 videtur
1028 1681 1095 1745 duo
1120 1681 1316 1746 testimonia

143 1795 293 1876 laudare,
318 1795 464 1860 alterum
498 1795 625 1860 Tiberii
659 1794 814 1875 Gracchi,
851 1794 911 1880 qui
942 1794 1050 1880 plebis
1071 1793 1317 1877 condicionem,

145 1909 284 1996 qualem
318 1909 389 1994 ipse
420 1908 568 1987 videbat,
608 1908 645 1971 in
676 1908 768 1972 hunc
809 1907 952 1972 modum
986 1905 1159 1972 describit:
1193 1913 1236 1988 ,χο
1257 1911 1319 1986 γὰρ

145 2020 279 2096 Τιβέριος
302 2065 487 2080 .......
521 2021 611 2079 ὁπότε
643 2027 696 2079 τοῦ
733 2020 828 2095 δήμου
862 2027 904 2097 τῷ
936 2018 1059 2094 βήματι
1090 2016 1320 2098 περικεχυμένου

144 2124 305 2193 καταστὰς
326 2124 408 2198 λέγοι
429 2124 493 2198 περὶ
514 2131 572 2183 των
593 2126 725 2190 πενήτων
746 2124 794 2198 ὡς)
826 2123 866 2183 τοὶ
887 2120 942 2200 μέν
963 2127 1052 2198 θηρία
1073 2122 1113 2182 τοὶ
1124 2122 1179 2188 τὴν
1190 2124 1320 2182 Ἰταλίαν

145 2230 293 2306 νεμόμενα
330 2229 378 2291 καὶ
415 2227 525 2308 φωλεὲν
561 2226 622 2308 ἐ’χει
653 2228 701 2290 καὶ
731 2231 856 2290 κοιταῖόν
887 2225 967 2287 ἐστιν
997 2226 1091 2286 αὐτῶν
1122 2227 1241 2304 ἑκάστῳ
1271 2226 1321 2288 καὶ

145 2335 320 2407 κατάδυσις,
354 2343 415 2401 τοῖς
444 2329 555 2406 δ’ὑπέρ
577 2341 631 2402 τῆς
653 2335 784 2402 Ἰταλίας
805 2333 988 2411 μαχομένοις
1008 2333 1056 2393 καὶ
1077 2331 1319 2418 ἀποθνῄσκουσιν

146 2438 230 2514 ἁέρος
250 2439 298 2501 καὶ
318 2439 423 2518 φωτός,
446 2437 539 2496 ἄλλον
560 2437 586 2496 δ’
609 2434 720 2507 οὐδενὲς
742 2438 896 2514 μέτεστιν,
919 2436 990 2495 ἁλλ’
1013 2436 1102 2498 ἄοικοι
1119 2435 1168 2498 καὶ
1179 2435 1321 2510 ἀνίδρυτοι

105 2535 109 2542 ’
147 2544 229 2620 μετὰ
259 2543 367 2605 τέκνων
394 2547 564 2602 πλανῶνται
593 2542 642 2604 καὶ
672 2551 826 2616 γυναικῶν,
851 2547 875 2600 οἱ
896 2542 922 2600 δ’
935 2539 1152 2616 αὐτοκράτορες
1173 2541 1320 2620 ψεύδονται

146 2647 215 2716 τοὺς
235 2648 423 2721 στρατιώτας
443 2644 472 2706 έν
490 2655 554 2715 ταῖς
573 2648 691 2726 μάχαις
712 2651 955 2722 παρακαλοῦντες
976 2643 1049 2720 ὑπὲρ
1069 2647 1169 2725 τάφων
1183 2644 1231 2706 καὶ
1242 2648 1320 2719 ἱερῶν

147 2751 316 2828 ἀμύνεσθαι
345 2749 413 2820 τοὺς
433 2756 603 2827 πολεμίους·
627 2749 714 2811 οὐδενὶ
734 2751 796 2826 γὰρ
817 2749 896 2811 ’ἐστιν
918 2749 949 2809 οὐ
969 2748 1075 2826 βωμὸς
1096 2757 1246 2827 πατρῷος,
1269 2746 1319 2811 οἶικ

96 2889 98 2893 v
147 2854 222 2930 ἠρίον
242 2853 416 2931 προγονικὸν
436 2862 495 2914 τῶν
515 2857 665 2914 τοσούτων
688 2856 850 2932 Ῥωμαίων,
869 2855 940 2914 ἀλλ’
953 2851 1025 2929 ὑπὲρ
1038 2853 1200 2928 ἀλλοτρίας
1211 2861 1319 2933 τρυφῆς

144 2961 193 3023 καὶ
213 2961 344 3020 πλούτου
364 2965 528 3035 πολεμοῦσι
549 2959 597 3021 καὶ
617 2957 854 3046 ἀποθνῄσκουσι,
878 2961 965 3034 κύριοι
986 2967 1040 3028 τῆς
1062 2958 1229 3035 οἰκουμένης
1252 2947 1319 3016 εἶναι

147 3064 313 3138 λεγόμενοι,
336 3069 406 3141 μίαν
426 3061 458 3124 δέ
477 3063 579 3138 βῶλον
597 3064 671 3124 ἰδίαν
692 3063 742 3127 οὐκ
764 3063 913 3145 ἐ’χοντες.”
928 3066 950 3140 3)
983 3065 1142 3129 Alterum
1168 3064 1317 3128 testimo·

148 3178 247 3241 nium
278 3177 410 3242 Lucani
443 3184 561 3262 poetae
597 3183 646 3241 est
671 3177 729 3263 qui
753 3177 941 3260 imaginem
964 3179 1094 3242 Romae
1120 3177 1252 3261 effingit
1276 3176 1317 3242 de

94 3311 96 3316 ·
148 3291 220 3356 vita
242 3291 425 3356 hominum
448 3290 561 3355 media
584 3296 777 3376 sumptam:

241 3405 419 3490 „Namque
443 3411 481 3468 ut
504 3425 584 3489 opes
608 3403 737 3468 mundo
762 3404 886 3468 nimias
909 3404 1063 3469 Fortuna
1089 3404 1228 3469 subacto

238 3517 370 3598 intulit,
395 3523 428 3582 et
452 3517 552 3582 rebus
576 3539 687 3582 mores
709 3539 835 3582 cessere
860 3517 1027 3598 secundis,

185 3680 203 3740 ¹)
221 3680 278 3728 Sall.
305 3680 355 3728 Cat.
382 3680 421 3738 37,
448 3681 470 3732 'l-
497 3680 548 3728 Liv.
567 3680 638 3738 XXV,
657 3680 678 3738 l,
698 3681 712 3728 8
730 3683 765 3740 (cx
783 3696 844 3729 anuo
863 3680 909 3728 541
928 3697 948 3728 a.
969 3696 991 3728 u.
1009 3697 1028 3728 o.
1048 3699 1073 3724 =
1090 3679 1138 3728 213
1156 3696 1177 3728 a.
1195 3679 1251 3727 Chr.
1269 3682 1319 3740 n.):

151 3765 264 3828 „Rustica
281 3763 355 3828 plebs,
377 3780 405 3811 ex
422 3763 520 3811 incultis
537 3763 629 3811 diutino
647 3762 709 3810 bello
727 3763 864 3826 infestisque
880 3763 943 3826 agris
958 3766 1056 3825 egestate
1073 3767 1096 3810 et
1113 3767 1177 3810 metu
1195 3763 1221 3810 in
1238 3761 1320 3810 urbem

151 3851 289 3916 conpulsa''.
315 3853 416 3917 Appias.
434 3853 461 3900 B.
480 3852 506 3899 c.
526 3852 558 3910 ΙΙ,
577 3832 640 3899 120}
661 3846 711 3915 ,τό
732 3864 766 3902 τε
787 3843 950 3918 σιτηρέσιον
972 3853 1033 3912 τοῖς
1052 3843 1156 3913 πένησι
1176 3844 1321 3922 χορηγού·

153 3963 240 4019 μενον
270 3939 299 4002 έν
320 3943 394 4028 μόνη
419 3940 519 4027 Ῥώμῃ
540 3935 591 3999 το“ν
611 3935 705 4015 ἀργόν
726 3941 774 4002 καὶ
795 3941 990 4020 πτωχεύοντα
1011 3939 1060 4003 καὶ
1079 3938 1249 4018 ταχυεργὸν
1268 3949 1323 4010 τῆς

154 4041 288 4107 Ἰταλίας
310 4037 383 4096 λεὼν
404 4034 432 4105 ές
453 4035 507 4102 την
531 4035 648 4111 Ῥώμην
669 4034 845 4110 έπὰγεται.”
881 4042 917 4091 Cf.
936 4043 1008 4091 etiam
1026 4044 1090 4091 Suet.
1109 4044 1169 4106 Aug.
1188 4043 1228 4091 42.

186 4135 205 4195 ²)
222 4135 276 4184 Liv.
295 4136 338 4193 VI,
357 4135 395 4192 12,
415 4136 436 4181 5.

185 4218 209 4284 ³)
226 4218 290 4268 Plut.
310 4218 363 4268 Tib.
381 4218 479 4266 Gracch.
498 4219 520 4274 9,
539 4219 562 4266 4.
1210 4284 1232 4347 4
