3296 5008
432 1630 660 1696 ADDENDA
684 1631 743 1697 ET
767 1629 1082 1696 CORRIGENDA.

209 1917 418 2004 Magnopere
443 1915 550 1997 doleo,
576 1910 667 2003 quod
693 1915 806 1983 variae
830 1937 951 1982 causae
975 1915 1173 1996 effecerunt,
1198 1919 1236 1982 ut
1259 1913 1341 1980 sotis

43 2065 62 2122 ἵ·
162 2053 334 2116 maguum
355 2031 518 2116 temporis
540 2030 691 2116 spatium
713 2029 940 2096 intercederet
964 2029 1054 2096 iuter
1073 2030 1223 2115 primam
1237 2027 1341 2093 huius

162 2145 245 2212 libri
267 2144 443 2231 plagulam
467 2151 501 2210 et
524 2150 741 2230 postremam.
777 2143 878 2222 Quod
902 2143 938 2208 ni
952 2142 1137 2223 accidisset,
1150 2141 1340 2208 identidem

60 2259 64 2286 '
162 2257 334 2325 nonnulla
356 2280 450 2325 nunc
472 2259 634 2324 adderem
658 2257 712 2324 vel
736 2258 841 2324 etiam
863 2257 985 2324 leviter
1008 2261 1190 2323 mutarem.
1215 2255 1340 2321 Aestus

162 2373 358 2462 litterarum
381 2363 636 2459 philologerum
660 2373 724 2438 hoc
736 2369 917 2438 intervallo
930 2371 1035 2436 fluere
1049 2391 1119 2436 non
1132 2369 1241 2435 desiit.
1287 2369 1341 2435 Ita

164 2509 244 2575 pag.
268 2487 288 2552 5
313 2508 361 2553 vs.
386 2488 405 2550 2
430 2486 531 2553 hodie
559 2507 628 2552 non
653 2485 801 2573 emplius
823 2483 926 2552 scribi
950 2482 1341 2571 potest„hocseeculo'’,

165 2601 225 2668 sed
264 2599 484 2692 scribendum
521 2600 653 2687 „priore
678 2599 845 2666 soeculo.''
882 2637 926 2647 -
948 2599 991 2664 In
1014 2577 1268 2664 conscribendis
1290 2597 1342 2678 iis,
1395 2653 1397 2658 .

167 2736 257 2802 quoe
291 2713 454 2798 leguntur
488 2735 589 2801 pagg.
614 2714 655 2778 21
678 2734 785 2800 seqq„
810 2713 853 2778 55
877 2733 956 2778 oum
981 2711 1061 2777 adn.
1085 2711 1116 2788 4,
1141 2711 1213 2777 sine
1238 2710 1342 2778 dubio

73 2871 79 2884 ·
167 2828 212 2896 ad
245 2849 364 2894 meum
392 2849 495 2893 usum
518 2827 791 2894 accomodessem
815 2826 908 2892 etin
931 2825 1121 2911 legentium
1144 2846 1247 2891 usum
1262 2823 1343 2891 'lau-

50 2979 57 2988 ·
164 2942 302 3008 dassem
337 2941 636 3028 Pauly-Wissowa,
671 2931 911 3026 Reel-Enc'ycl.
947 2938 1013 3008 1V⁹
1048 2961 1073 3006 e.
1097 2961 1130 3005 v.
1160 2939 1287 3006 cltcutcs
1310 2944 1344 3005 et

122 3125 123 3128 ,
167 3078 194 3123 s.
218 3077 255 3124 v.
278 3056 450 3122 colonatus.
479 3093 523 3104 -
546 3056 628 3140 Peg.
654 3054 857 3145 271prelum
880 3055 950 3121 iam
973 3053 1168 3140 reliquerat,
1193 3075 1273 3120 cum
1300 3052 1341 3119 de

123 3204 126 3208 ·
167 3171 307 3236 faenore
339 3169 576 3235 Romanorum
599 3169 778 3254 egregium
801 3190 887 3254 opus
910 3168 1074 3234 emissum
1098 3172 1157 3233 est.
1204 3165 1345 3232 Billeter

54 3335 59 3354 t
167 3283 255 3365 dico,
291 3282 495 3349 Geschichte
532 3282 591 3349 des
626 3283 813 3348 Zinsfusses
844 3282 894 3346 im
917 3284 1067 3366 gruem.
1094 3279 1269 3347 Altertum
1293 3278 1345 3346 bis

48 3415 55 3444 ³
168 3397 232 3464 auf
262 3396 283 3463 J
288 3396 446 3478 ustinian‚
471 3397 611 3484 Leipzig
636 3397 733 3463 1898.
758 3397 840 3481 Peg.
865 3395 906 3461 27
931 3395 1010 3461 adn.
1035 3395 1065 3477 5,
1094 3395 1146 3462 20.
1171 3393 1284 3481 potius
1307 3394 1344 3458 iu

169 3511 264 3577 hunc
288 3510 431 3576 modum
454 3509 640 3595 legendum
664 3515 734 3577 est:

212 3629 257 3683 20.
280 3643 313 3681 er
333 3644 416 3681 usuro
436 3643 504 3699 quoc-
522 3627 553 3680 πί
574 3625 732 3698 temporibus
753 3626 810 3682 illie
831 3625 894 3682 levis
914 3627 988 3682 esset.

314 3704 489 3768 „Duodecim
514 3703 619 3761 tubulis
640 3710 775 3773 sunctum,
797 3723 833 3762 ne
855 3705 918 3780 quis
939 3703 1074 3760 unciario
1087 3702 1201 3760 faenore
1223 3703 1344 3778 emplius

271 3785 442 3842 exerceret.”
476 3785 553 3856 (Tac.
579 3786 654 3841 Anu.
679 3784 728 3854 VI,
752 3788 800 3858 16)
821 3784 986 3841 Uncierium
1008 3783 1106 3840 faenus
1128 3783 1176 3840 elii
1198 3782 1279 3840 aliter
1300 3783 1344 3840 in-

270 3865 416 3939 telleguut.
437 3865 462 3920 E
485 3863 628 3922 Streuberi
650 3864 720 3938 (Der
741 3864 866 3922 Zinsfuss
887 3863 1000 3920 beiden
1013 3863 1240 3932 Romern,Besel
1254 3864 1344 3937 1857)

271 3944 446 4021 aliorumque
477 3945 677 4001 nonnullorum
711 3945 855 4021 opinione,
886 3962 970 4020 quem
991 3943 1058 4000 satis
1079 3943 1193 4020 copiose
1215 3941 1345 4000 defendit

272 4024 390 4082 Billeter
421 4027 458 4095 (o.
480 4025 499 4082 l.
525 4043 589 4100 pag.
614 4027 669 4080 160
692 4030 791 4102 seqq.)‚
814 4032 856 4082 est
876 4023 958 4081 uncie
980 4023 1037 4080 sive
1059 4042 1124 4099 pers
1145 4023 1215 4080 assis
1236 4021 1343 4081 duode-

273 4105 344 4162 cime
375 4122 474 4162 usurae
502 4103 617 4160 nomine
650 4105 749 4180 quovis
780 4123 853 4161 anno
874 4103 1107 4162 duodenum
1128 4102 1267 4162 mensium
1288 4103 1343 4161 sol·

272 4185 362 4242 vende
383 4203 434 4261 pro
456 4191 530 4242 sorte
551 4183 633 4240 unius
655 4184 725 4241 assis
746 4183 878 4262 (8¹b0bi·
921 4183 1067 4260 Plerisque
1089 4189 1186 4241 contre
1206 4183 1342 4241 recentio-

271 4265 349 4323 ribus
380 4298 418 4308 —
449 4270 479 4322 ut
511 4264 670 4322 Mommsen
692 4263 725 4321 R.
749 4265 784 4322 G.
806 4264 834 4322 1⁸
856 4283 940 4341 pegg.
963 4266 1018 4322 151
1043 4283 1106 4322 oum
1128 4264 1204 4334 adn„
1226 4265 1283 4320 282
1305 4297 1344 4306 —
