<?xml version="1.0" encoding="UTF-8"?>
<!DOCTYPE html PUBLIC "-//W3C//DTD XHTML 1.0 Transitional//EN"
    "http://www.w3.org/TR/xhtml1/DTD/xhtml1-transitional.dtd">
<html xmlns="http://www.w3.org/1999/xhtml" xml:lang="en" lang="en">
 <head>
  <title>
</title>
<meta http-equiv="Content-Type" content="text/html;charset=utf-8" />
  <meta name='ocr-system' content='tesseract 3.04.00' />
  <meta name='ocr-capabilities' content='ocr_page ocr_carea ocr_par ocr_line ocrx_word'/>
</head>
<body>
  <div class='ocr_page' id='page_1' title='image "./depauperumcuraa00essegoog_0298.png"; bbox 0 0 3296 5008; ppageno 0'>
   <div class='ocr_carea' id='block_1_1' title="bbox 869 477 934 542">
    <p class='ocr_par' dir='ltr' id='par_1_1' title="bbox 869 477 934 542">
     <span class='ocr_line' id='line_1_1' title="bbox 869 477 934 542; baseline 0 0"><span class='ocrx_word' id='word_1_1' title='bbox 869 477 934 542; x_wconf 83' lang='lat'>282</span> 
     </span>
    </p>
   </div>
   <div class='ocr_carea' id='block_1_2' title="bbox 314 647 1487 2210">
    <p class='ocr_par' dir='ltr' id='par_1_2' title="bbox 314 647 1481 957">
     <span class='ocr_line' id='line_1_2' title="bbox 317 647 1481 740; baseline -0.001 -20"><span class='ocrx_word' id='word_1_2' title='bbox 317 647 376 738; x_wconf 73' lang='lat' dir='ltr'>loa)</span> <span class='ocrx_word' id='word_1_3' title='bbox 399 659 433 718; x_wconf 88' lang='lat' dir='ltr'>et</span> <span class='ocrx_word' id='word_1_4' title='bbox 455 675 544 738; x_wconf 76' lang='lat' dir='ltr'>opens</span> <span class='ocrx_word' id='word_1_5' title='bbox 566 652 717 740; x_wconf 71' lang='lat' dir='ltr'>(egestus),</span> <span class='ocrx_word' id='word_1_6' title='bbox 742 654 806 720; x_wconf 87' lang='lat' dir='ltr'>hoo</span> <span class='ocrx_word' id='word_1_7' title='bbox 830 653 889 720; x_wconf 94' lang='lat' dir='ltr'>illo</span> <span class='ocrx_word' id='word_1_8' title='bbox 913 654 1079 721; x_wconf 89' lang='lat' dir='ltr'>maiorem</span> <span class='ocrx_word' id='word_1_9' title='bbox 1103 654 1175 719; x_wconf 90' lang='lat' dir='ltr'>vim</span> <span class='ocrx_word' id='word_1_10' title='bbox 1199 653 1325 722; x_wconf 89' lang='lat' dir='ltr'>habere</span> <span class='ocrx_word' id='word_1_11' title='bbox 1343 660 1481 723; x_wconf 85' lang='lat' dir='ltr'>constat.</span> 
     </span>
     <span class='ocr_line' id='line_1_3' title="bbox 314 765 897 853; baseline 0.003 -23"><span class='ocrx_word' id='word_1_12' title='bbox 314 765 429 832; x_wconf 80' lang='lat' dir='ltr'>Pauca</span> <span class='ocrx_word' id='word_1_13' title='bbox 452 766 611 853; x_wconf 88' lang='lat' dir='ltr'>exempla</span> <span class='ocrx_word' id='word_1_14' title='bbox 635 766 691 832; x_wconf 87' lang='lat' dir='ltr'>hie</span> <span class='ocrx_word' id='word_1_15' title='bbox 712 767 897 832; x_wconf 85' lang='lat' dir='ltr'>sufficiunt.</span> 
     </span>
     <span class='ocr_line' id='line_1_4' title="bbox 315 875 716 957; baseline 0.01 -16"><span class='ocrx_word' id='word_1_16' title='bbox 315 931 319 940; x_wconf 93' lang='lat'>.</span> <span class='ocrx_word' id='word_1_17' title='bbox 358 875 426 944; x_wconf 87' lang='lat' dir='ltr'>Cio.</span> <span class='ocrx_word' id='word_1_18' title='bbox 450 878 572 944; x_wconf 87' lang='lat' dir='ltr'>Parad.</span> <span class='ocrx_word' id='word_1_19' title='bbox 596 881 627 957; x_wconf 88' lang='grc'>6,</span> <span class='ocrx_word' id='word_1_20' title='bbox 653 881 716 946; x_wconf 86' lang='grc'>45;</span> 
     </span>
    </p>

    <p class='ocr_par' dir='ltr' id='par_1_3' title="bbox 359 992 1441 1306">
     <span class='ocr_line' id='line_1_5' title="bbox 406 992 1441 1080; baseline 0.002 -24"><span class='ocrx_word' id='word_1_21' title='bbox 406 992 531 1072; x_wconf 84' lang='lat' dir='ltr'>„Istam</span> <span class='ocrx_word' id='word_1_22' title='bbox 565 999 803 1079; x_wconf 79' lang='lat' dir='ltr'><strong>paupertatem</strong></span> <span class='ocrx_word' id='word_1_23' title='bbox 837 992 891 1059; x_wconf 88' lang='lat' dir='ltr'>vel</span> <span class='ocrx_word' id='word_1_24' title='bbox 927 993 1040 1080; x_wconf 91' lang='lat' dir='ltr'>potius</span> <span class='ocrx_word' id='word_1_25' title='bbox 1074 999 1259 1076; x_wconf 78' lang='lat' dir='ltr'>egestatem</span> <span class='ocrx_word' id='word_1_26' title='bbox 1282 1015 1321 1060; x_wconf 85' lang='lat' dir='ltr'>ao</span> <span class='ocrx_word' id='word_1_27' title='bbox 1345 1015 1441 1060; x_wconf 85' lang='lat' dir='ltr'>men·</span> 
     </span>
     <span class='ocr_line' id='line_1_6' title="bbox 359 1104 1199 1193; baseline 0 -23"><span class='ocrx_word' id='word_1_28' title='bbox 359 1104 534 1170; x_wconf 87' lang='lat' dir='ltr'>dieitatem</span> <span class='ocrx_word' id='word_1_29' title='bbox 557 1112 654 1171; x_wconf 89' lang='lat' dir='ltr'>tuam</span> <span class='ocrx_word' id='word_1_30' title='bbox 677 1127 870 1193; x_wconf 85' lang='lat' dir='ltr'><strong>numquam</strong></span> <span class='ocrx_word' id='word_1_31' title='bbox 893 1104 1034 1172; x_wconf 85' lang='lat' dir='ltr'>obseura</span> <span class='ocrx_word' id='word_1_32' title='bbox 1058 1106 1199 1172; x_wconf 88' lang='lat' dir='ltr'>tulisti.&#39;’</span> 
     </span>
     <span class='ocr_line' id='line_1_7' title="bbox 359 1217 1037 1306; baseline 0.003 -23"><span class='ocrx_word' id='word_1_33' title='bbox 359 1217 476 1284; x_wconf 83' lang='lat' dir='ltr'>Seneo.</span> <span class='ocrx_word' id='word_1_34' title='bbox 500 1219 564 1305; x_wconf 85' lang='lat' dir='ltr'>Ep.</span> <span class='ocrx_word' id='word_1_35' title='bbox 589 1219 675 1285; x_wconf 90' lang='lat' dir='ltr'>Mor.</span> <span class='ocrx_word' id='word_1_36' title='bbox 699 1219 744 1299; x_wconf 93' lang='grc' dir='ltr'>ΙΙ,</span> <span class='ocrx_word' id='word_1_37' title='bbox 769 1241 822 1306; x_wconf 88' lang='lat' dir='ltr'>ep.</span> <span class='ocrx_word' id='word_1_38' title='bbox 845 1219 865 1284; x_wconf 89' lang='lat'>5</span> <span class='ocrx_word' id='word_1_39' title='bbox 889 1219 970 1305; x_wconf 80' lang='lat'>(17),</span> <span class='ocrx_word' id='word_1_40' title='bbox 995 1221 1037 1285; x_wconf 87' lang='lat'>6:</span> 
     </span>
    </p>

    <p class='ocr_par' dir='ltr' id='par_1_4' title="bbox 359 1331 1440 1644">
     <span class='ocr_line' id='line_1_8' title="bbox 407 1331 1440 1418; baseline 0.002 -22"><span class='ocrx_word' id='word_1_41' title='bbox 407 1331 504 1410; x_wconf 89' lang='lat' dir='ltr'>„Non</span> <span class='ocrx_word' id='word_1_42' title='bbox 539 1338 598 1411; x_wconf 87' lang='lat' dir='ltr'>est,</span> <span class='ocrx_word' id='word_1_43' title='bbox 634 1333 725 1418; x_wconf 90' lang='lat' dir='ltr'>quod</span> <span class='ocrx_word' id='word_1_44' title='bbox 760 1340 943 1418; x_wconf 80' lang='lat' dir='ltr'><strong>paupertas</strong></span> <span class='ocrx_word' id='word_1_45' title='bbox 973 1354 1034 1397; x_wconf 91' lang='lat' dir='ltr'>nos</span> <span class='ocrx_word' id='word_1_46' title='bbox 1057 1355 1077 1396; x_wconf 90' lang='lat' dir='ltr'>a</span> <span class='ocrx_word' id='word_1_47' title='bbox 1100 1332 1318 1418; x_wconf 82' lang='lat' dir='ltr'>philosophia</span> <span class='ocrx_word' id='word_1_48' title='bbox 1344 1354 1440 1398; x_wconf 87' lang='lat' dir='ltr'>revo-</span> 
     </span>
     <span class='ocr_line' id='line_1_9' title="bbox 359 1445 836 1531; baseline 0.006 -23"><span class='ocrx_word' id='word_1_49' title='bbox 359 1452 422 1522; x_wconf 86' lang='lat' dir='ltr'>cet,</span> <span class='ocrx_word' id='word_1_50' title='bbox 447 1466 489 1509; x_wconf 91' lang='lat' dir='ltr'>ne</span> <span class='ocrx_word' id='word_1_51' title='bbox 512 1453 642 1528; x_wconf 82' lang='lat' dir='ltr'>egestas</span> <span class='ocrx_word' id='word_1_52' title='bbox 664 1445 836 1531; x_wconf 90' lang='lat' dir='ltr'>quidem.&#39;’</span> 
     </span>
     <span class='ocr_line' id='line_1_10' title="bbox 359 1557 748 1644; baseline 0.005 -22"><span class='ocrx_word' id='word_1_53' title='bbox 359 1557 446 1622; x_wconf 83' lang='lat' dir='ltr'>Ibid.</span> <span class='ocrx_word' id='word_1_54' title='bbox 472 1558 531 1637; x_wconf 87' lang='lat' dir='ltr'>VI,</span> <span class='ocrx_word' id='word_1_55' title='bbox 557 1564 577 1622; x_wconf 83' lang='grc'>6</span> <span class='ocrx_word' id='word_1_56' title='bbox 599 1559 679 1644; x_wconf 80' lang='grc'>(58),</span> <span class='ocrx_word' id='word_1_57' title='bbox 709 1561 748 1624; x_wconf 86' lang='lat'>1:</span> 
     </span>
    </p>

    <p class='ocr_par' dir='ltr' id='par_1_5' title="bbox 358 1671 1441 1963">
     <span class='ocr_line' id='line_1_11' title="bbox 407 1671 1439 1757; baseline 0.002 -22"><span class='ocrx_word' id='word_1_58' title='bbox 407 1671 617 1750; x_wconf 77' lang='lat' dir='ltr'>„Quanta</span> <span class='ocrx_word' id='word_1_59' title='bbox 663 1671 925 1737; x_wconf 89' lang='lat' dir='ltr'>verborum</span> <span class='ocrx_word' id='word_1_60' title='bbox 974 1671 1117 1736; x_wconf 89' lang='lat' dir='ltr'>nobis</span> <span class='ocrx_word' id='word_1_61' title='bbox 1152 1679 1439 1757; x_wconf 88' lang='lat' dir='ltr'>paupertas,</span> 
     </span>
     <span class='ocr_line' id='line_1_12' title="bbox 358 1770 1441 1871; baseline 0.001 -23"><span class='ocrx_word' id='word_1_62' title='bbox 358 1784 499 1849; x_wconf 89' lang='lat' dir='ltr'>immo</span> <span class='ocrx_word' id='word_1_63' title='bbox 544 1791 739 1868; x_wconf 83' lang='lat' dir='ltr'>egestas</span> <span class='ocrx_word' id='word_1_64' title='bbox 773 1786 826 1865; x_wconf 88' lang='lat' dir='ltr'>sit,</span> <span class='ocrx_word' id='word_1_65' title='bbox 862 1806 1055 1870; x_wconf 87' lang='lat' dir='ltr'><strong>numquam</strong></span> <span class='ocrx_word' id='word_1_66' title='bbox 1092 1785 1201 1868; x_wconf 91' lang='lat' dir='ltr'>magis</span> <span class='ocrx_word' id='word_1_67' title='bbox 1235 1770 1341 1871; x_wconf 89' lang='lat' dir='ltr'><strong>quam</strong></span> <span class='ocrx_word' id='word_1_68' title='bbox 1380 1785 1441 1850; x_wconf 94' lang='lat' dir='ltr'>ho-</span> 
     </span>
     <span class='ocr_line' id='line_1_13' title="bbox 359 1896 767 1963; baseline 0 -1"><span class='ocrx_word' id='word_1_69' title='bbox 359 1896 478 1962; x_wconf 90' lang='lat' dir='ltr'>dierno</span> <span class='ocrx_word' id='word_1_70' title='bbox 502 1897 556 1962; x_wconf 92' lang='lat' dir='ltr'>die</span> <span class='ocrx_word' id='word_1_71' title='bbox 580 1897 767 1963; x_wconf 85' lang='lat' dir='ltr'>intellexi.&#39;&#39;</span> 
     </span>
    </p>

    <p class='ocr_par' dir='ltr' id='par_1_6' title="bbox 314 2009 1487 2210">
     <span class='ocr_line' id='line_1_14' title="bbox 356 2009 1487 2097; baseline 0.001 -22"><span class='ocrx_word' id='word_1_72' title='bbox 356 2009 523 2075; x_wconf 83' lang='lat' dir='ltr'>Similiter</span> <span class='ocrx_word' id='word_1_73' title='bbox 560 2033 649 2095; x_wconf 78' lang='lat' dir='ltr'>epona</span> <span class='ocrx_word' id='word_1_74' title='bbox 682 2011 723 2076; x_wconf 89' lang='lat' dir='ltr'>de</span> <span class='ocrx_word' id='word_1_75' title='bbox 757 2011 897 2076; x_wconf 85' lang='lat' dir='ltr'>homine</span> <span class='ocrx_word' id='word_1_76' title='bbox 933 2011 1090 2096; x_wconf 88' lang='lat' dir='ltr'>usurpari</span> <span class='ocrx_word' id='word_1_77' title='bbox 1124 2017 1245 2097; x_wconf 86' lang='lat' dir='ltr'>potest,</span> <span class='ocrx_word' id='word_1_78' title='bbox 1281 2011 1337 2076; x_wconf 89' lang='lat' dir='ltr'>oui</span> <span class='ocrx_word' id='word_1_79' title='bbox 1371 2010 1487 2076; x_wconf 86' lang='lat' dir='ltr'>desint</span> 
     </span>
     <span class='ocr_line' id='line_1_15' title="bbox 314 2123 1425 2210; baseline -0.001 -22"><span class='ocrx_word' id='word_1_80' title='bbox 314 2124 504 2189; x_wconf 79' lang='lat' dir='ltr'>necessaria</span> <span class='ocrx_word' id='word_1_81' title='bbox 526 2124 567 2189; x_wconf 91' lang='lat' dir='ltr'>ad</span> <span class='ocrx_word' id='word_1_82' title='bbox 594 2125 792 2203; x_wconf 90' lang='lat' dir='ltr'>vivendum,</span> <span class='ocrx_word' id='word_1_83' title='bbox 819 2124 910 2210; x_wconf 90' lang='lat' dir='ltr'>quod</span> <span class='ocrx_word' id='word_1_84' title='bbox 930 2146 1053 2209; x_wconf 79' lang='lat' dir='ltr'>pauper</span> <span class='ocrx_word' id='word_1_85' title='bbox 1076 2124 1267 2208; x_wconf 79' lang='lat' dir='ltr'>significare</span> <span class='ocrx_word' id='word_1_86' title='bbox 1293 2123 1425 2209; x_wconf 88' lang='lat' dir='ltr'>nequit.</span> 
     </span>
    </p>
   </div>
   <div class='ocr_carea' id='block_1_3' title="bbox 359 2341 1484 2438">
    <p class='ocr_par' dir='ltr' id='par_1_7' title="bbox 359 2341 1484 2438">
     <span class='ocr_line' id='line_1_16' title="bbox 359 2341 1484 2438; baseline 0.002 -24"><span class='ocrx_word' id='word_1_87' title='bbox 359 2349 457 2415; x_wconf 88' lang='lat' dir='ltr'>Idem</span> <span class='ocrx_word' id='word_1_88' title='bbox 491 2358 593 2438; x_wconf 88' lang='lat' dir='ltr'>atque</span> <span class='ocrx_word' id='word_1_89' title='bbox 627 2341 798 2436; x_wconf 71' lang='lat' dir='ltr'>operaest</span> <span class='ocrx_word' id='word_1_90' title='bbox 832 2373 952 2435; x_wconf 72' lang='lat' dir='ltr'>egenus,</span> <span class='ocrx_word' id='word_1_91' title='bbox 976 2350 1067 2435; x_wconf 93' lang='lat' dir='ltr'>quod</span> <span class='ocrx_word' id='word_1_92' title='bbox 1092 2349 1200 2415; x_wconf 92' lang='lat' dir='ltr'>multo</span> <span class='ocrx_word' id='word_1_93' title='bbox 1227 2350 1340 2415; x_wconf 89' lang='lat' dir='ltr'>minus</span> <span class='ocrx_word' id='word_1_94' title='bbox 1362 2350 1484 2416; x_wconf 88' lang='lat' dir='ltr'>tritum</span> 
     </span>
    </p>
   </div>
   <div class='ocr_carea' id='block_1_4' title="bbox 313 2461 1487 4024">
    <p class='ocr_par' dir='ltr' id='par_1_8' title="bbox 313 2461 1487 4024">
     <span class='ocr_line' id='line_1_17' title="bbox 314 2461 1485 2551; baseline -0.001 -23"><span class='ocrx_word' id='word_1_95' title='bbox 314 2470 364 2529; x_wconf 89' lang='lat' dir='ltr'>est</span> <span class='ocrx_word' id='word_1_96' title='bbox 398 2471 432 2528; x_wconf 89' lang='lat' dir='ltr'>et</span> <span class='ocrx_word' id='word_1_97' title='bbox 466 2465 575 2548; x_wconf 89' lang='lat' dir='ltr'>magis</span> <span class='ocrx_word' id='word_1_98' title='bbox 609 2466 717 2551; x_wconf 87' lang='lat' dir='ltr'>poetis</span> <span class='ocrx_word' id='word_1_99' title='bbox 751 2473 853 2550; x_wconf 91' lang='lat' dir='ltr'>atque</span> <span class='ocrx_word' id='word_1_100' title='bbox 889 2464 1056 2528; x_wconf 82' lang='lat' dir='ltr'>historicis</span> <span class='ocrx_word' id='word_1_101' title='bbox 1091 2463 1268 2528; x_wconf 86' lang='lat' dir='ltr'>familiare.</span> <span class='ocrx_word' id='word_1_102' title='bbox 1315 2461 1485 2528; x_wconf 91' lang='lat' dir='ltr'><strong>Omnium</strong></span> 
     </span>
     <span class='ocr_line' id='line_1_18' title="bbox 313 2576 1486 2663; baseline 0 -21"><span class='ocrx_word' id='word_1_103' title='bbox 313 2577 478 2657; x_wconf 83' lang='lat' dir='ltr'>locorum,</span> <span class='ocrx_word' id='word_1_104' title='bbox 514 2577 573 2643; x_wconf 90' lang='lat' dir='ltr'>ubi</span> <span class='ocrx_word' id='word_1_105' title='bbox 606 2600 717 2663; x_wconf 69' lang='lat' dir='ltr'>egenus</span> <span class='ocrx_word' id='word_1_106' title='bbox 749 2578 934 2657; x_wconf 84' lang='lat' dir='ltr'>invenitur,</span> <span class='ocrx_word' id='word_1_107' title='bbox 971 2577 1167 2642; x_wconf 87' lang='lat' dir='ltr'>notissimus</span> <span class='ocrx_word' id='word_1_108' title='bbox 1193 2583 1243 2642; x_wconf 91' lang='lat' dir='ltr'>est</span> <span class='ocrx_word' id='word_1_109' title='bbox 1267 2576 1370 2660; x_wconf 88' lang='lat' dir='ltr'>Verg.</span> <span class='ocrx_word' id='word_1_110' title='bbox 1395 2577 1486 2642; x_wconf 81' lang='lat' dir='ltr'>Aen.</span> 
     </span>
     <span class='ocr_line' id='line_1_19' title="bbox 315 2689 1486 2779; baseline -0.001 -22"><span class='ocrx_word' id='word_1_111' title='bbox 315 2691 376 2770; x_wconf 88' lang='lat' dir='ltr'>VI,</span> <span class='ocrx_word' id='word_1_112' title='bbox 412 2691 453 2754; x_wconf 84' lang='lat'>91</span> <span class='ocrx_word' id='word_1_113' title='bbox 489 2713 569 2779; x_wconf 88' lang='lat' dir='ltr'>seq.‚</span> <span class='ocrx_word' id='word_1_114' title='bbox 605 2690 666 2756; x_wconf 93' lang='lat' dir='ltr'>ubi</span> <span class='ocrx_word' id='word_1_115' title='bbox 699 2690 838 2775; x_wconf 79' lang='lat' dir='ltr'>Sibylla,</span> <span class='ocrx_word' id='word_1_116' title='bbox 875 2711 1038 2776; x_wconf 89' lang='lat' dir='ltr'>praesaga</span> <span class='ocrx_word' id='word_1_117' title='bbox 1073 2689 1154 2754; x_wconf 91' lang='lat' dir='ltr'>mali</span> <span class='ocrx_word' id='word_1_118' title='bbox 1183 2695 1286 2770; x_wconf 90' lang='lat' dir='ltr'>vates,</span> <span class='ocrx_word' id='word_1_119' title='bbox 1311 2709 1486 2775; x_wconf 88' lang='lat' dir='ltr'><strong>nusquam</strong></span> 
     </span>
     <span class='ocr_line' id='line_1_20' title="bbox 316 2803 1060 2884; baseline -0.004 -15"><span class='ocrx_word' id='word_1_120' title='bbox 316 2804 387 2870; x_wconf 88' lang='lat' dir='ltr'>fore</span> <span class='ocrx_word' id='word_1_121' title='bbox 410 2806 548 2870; x_wconf 86' lang='lat' dir='ltr'>Aeneae</span> <span class='ocrx_word' id='word_1_122' title='bbox 572 2805 663 2884; x_wconf 83' lang='lat' dir='ltr'>dicit,</span> <span class='ocrx_word' id='word_1_123' title='bbox 688 2813 727 2868; x_wconf 88' lang='lat' dir='ltr'>ut</span> <span class='ocrx_word' id='word_1_124' title='bbox 750 2805 838 2869; x_wconf 90' lang='lat' dir='ltr'>Iuno</span> <span class='ocrx_word' id='word_1_125' title='bbox 863 2803 1060 2882; x_wconf 89' lang='lat' dir='ltr'>deliniatur,</span> 
     </span>
     <span class='ocr_line' id='line_1_21' title="bbox 746 2914 1410 3001; baseline -0.005 -19"><span class='ocrx_word' id='word_1_126' title='bbox 746 2939 845 2996; x_wconf 87' lang='lat' dir='ltr'>„eum</span> <span class='ocrx_word' id='word_1_127' title='bbox 880 2923 917 2981; x_wconf 92' lang='lat' dir='ltr'>tu</span> <span class='ocrx_word' id='word_1_128' title='bbox 941 2915 1087 3001; x_wconf 85' lang='lat' dir='ltr'>supplex</span> <span class='ocrx_word' id='word_1_129' title='bbox 1110 2917 1145 2979; x_wconf 93' lang='lat' dir='ltr'>in</span> <span class='ocrx_word' id='word_1_130' title='bbox 1172 2914 1271 2980; x_wconf 90' lang='lat' dir='ltr'>rebus</span> <span class='ocrx_word' id='word_1_131' title='bbox 1294 2915 1410 2998; x_wconf 89' lang='lat' dir='ltr'>egenis</span> 
     </span>
     <span class='ocr_line' id='line_1_22' title="bbox 404 3027 1476 3116; baseline -0.002 -22"><span class='ocrx_word' id='word_1_132' title='bbox 404 3031 497 3108; x_wconf 74' lang='lat' dir='ltr'>Quas</span> <span class='ocrx_word' id='word_1_133' title='bbox 519 3031 630 3115; x_wconf 90' lang='lat' dir='ltr'>gentis</span> <span class='ocrx_word' id='word_1_134' title='bbox 653 3030 780 3095; x_wconf 89' lang='lat' dir='ltr'>Italum</span> <span class='ocrx_word' id='word_1_135' title='bbox 807 3036 866 3095; x_wconf 90' lang='lat' dir='ltr'>aut</span> <span class='ocrx_word' id='word_1_136' title='bbox 890 3051 974 3116; x_wconf 86' lang='lat' dir='ltr'>quus</span> <span class='ocrx_word' id='word_1_137' title='bbox 999 3051 1067 3094; x_wconf 91' lang='lat' dir='ltr'>uon</span> <span class='ocrx_word' id='word_1_138' title='bbox 1092 3028 1241 3094; x_wconf 85' lang='lat' dir='ltr'>oraveris</span> <span class='ocrx_word' id='word_1_139' title='bbox 1265 3027 1408 3094; x_wconf 89' lang='lat' dir='ltr'>urbesl&#39;&#39;</span> <span class='ocrx_word' id='word_1_140' title='bbox 1473 3101 1476 3108; x_wconf 27' lang='lat'>¹</span> 
     </span>
     <span class='ocr_line' id='line_1_23' title="bbox 316 3143 920 3210; baseline -0.002 -3"><span class='ocrx_word' id='word_1_141' title='bbox 316 3143 410 3209; x_wconf 91' lang='lat' dir='ltr'>Duos</span> <span class='ocrx_word' id='word_1_142' title='bbox 433 3143 523 3208; x_wconf 87' lang='lat' dir='ltr'>looos</span> <span class='ocrx_word' id='word_1_143' title='bbox 547 3144 671 3209; x_wconf 88' lang='lat' dir='ltr'>addere</span> <span class='ocrx_word' id='word_1_144' title='bbox 694 3146 774 3210; x_wconf 87' lang='lat' dir='ltr'>satis</span> <span class='ocrx_word' id='word_1_145' title='bbox 798 3143 920 3209; x_wconf 88' lang='lat' dir='ltr'>habeo.</span> 
     </span>
     <span class='ocr_line' id='line_1_24' title="bbox 360 3257 895 3345; baseline 0.004 -25"><span class='ocrx_word' id='word_1_146' title='bbox 360 3257 471 3322; x_wconf 91' lang='lat' dir='ltr'>Plaut.</span> <span class='ocrx_word' id='word_1_147' title='bbox 492 3259 588 3345; x_wconf 83' lang='lat' dir='ltr'>Capt.</span> <span class='ocrx_word' id='word_1_148' title='bbox 610 3259 656 3339; x_wconf 91' lang='grc' dir='ltr'>ΙΙ,</span> <span class='ocrx_word' id='word_1_149' title='bbox 681 3261 713 3338; x_wconf 89' lang='lat'>3,</span> <span class='ocrx_word' id='word_1_150' title='bbox 736 3260 779 3322; x_wconf 78' lang='lat'>45</span> <span class='ocrx_word' id='word_1_151' title='bbox 804 3278 895 3343; x_wconf 80' lang='lat' dir='ltr'>seq:</span> 
     </span>
     <span class='ocr_line' id='line_1_25' title="bbox 407 3367 1487 3456; baseline -0.003 -22"><span class='ocrx_word' id='word_1_152' title='bbox 407 3371 544 3454; x_wconf 84' lang='lat' dir='ltr'>„Neque</span> <span class='ocrx_word' id='word_1_153' title='bbox 568 3371 647 3436; x_wconf 93' lang='lat' dir='ltr'>med</span> <span class='ocrx_word' id='word_1_154' title='bbox 670 3392 838 3456; x_wconf 90' lang='lat' dir='ltr'><strong>umquam</strong></span> <span class='ocrx_word' id='word_1_155' title='bbox 862 3369 1046 3434; x_wconf 89' lang='lat' dir='ltr'>deseruisse</span> <span class='ocrx_word' id='word_1_156' title='bbox 1071 3375 1103 3433; x_wconf 89' lang='lat' dir='ltr'>te</span> <span class='ocrx_word' id='word_1_157' title='bbox 1126 3388 1237 3452; x_wconf 89' lang='lat' dir='ltr'>neque</span> <span class='ocrx_word' id='word_1_158' title='bbox 1261 3367 1487 3452; x_wconf 82' lang='lat' dir='ltr'>laetisneque</span> 
     </span>
     <span class='ocr_line' id='line_1_26' title="bbox 403 3478 1439 3568; baseline -0.004 -20"><span class='ocrx_word' id='word_1_159' title='bbox 403 3483 519 3548; x_wconf 86' lang='lat' dir='ltr'>Rebus</span> <span class='ocrx_word' id='word_1_160' title='bbox 539 3484 575 3548; x_wconf 91' lang='lat' dir='ltr'>in</span> <span class='ocrx_word' id='word_1_161' title='bbox 599 3483 721 3563; x_wconf 89' lang='lat' dir='ltr'>dubiis,</span> <span class='ocrx_word' id='word_1_162' title='bbox 745 3483 892 3568; x_wconf 87' lang='lat' dir='ltr'>egenis.&#39;&#39;</span> <span class='ocrx_word' id='word_1_163' title='bbox 1360 3478 1439 3563; x_wconf 89' lang='lat' dir='ltr'>(fide</span> 
     </span>
     <span class='ocr_line' id='line_1_27' title="bbox 358 3596 774 3683; baseline 0.002 -23"><span class='ocrx_word' id='word_1_164' title='bbox 358 3596 408 3660; x_wconf 91' lang='lat' dir='ltr'>ld.</span> <span class='ocrx_word' id='word_1_165' title='bbox 433 3597 537 3662; x_wconf 89' lang='lat' dir='ltr'>Poen.</span> <span class='ocrx_word' id='word_1_166' title='bbox 564 3597 592 3673; x_wconf 91' lang='grc' dir='ltr'>Ι,</span> <span class='ocrx_word' id='word_1_167' title='bbox 617 3599 635 3661; x_wconf 87' lang='grc'><strong>1</strong></span> <span class='ocrx_word' id='word_1_168' title='bbox 660 3617 774 3683; x_wconf 83' lang='lat' dir='ltr'>seqq:</span> 
     </span>
     <span class='ocr_line' id='line_1_28' title="bbox 405 3705 1310 3796; baseline -0.006 -20"><span class='ocrx_word' id='word_1_169' title='bbox 405 3710 530 3796; x_wconf 87' lang='lat' dir='ltr'>„Saepe</span> <span class='ocrx_word' id='word_1_170' title='bbox 555 3731 618 3795; x_wconf 86' lang='lat' dir='ltr'>ego</span> <span class='ocrx_word' id='word_1_171' title='bbox 642 3732 694 3776; x_wconf 91' lang='lat' dir='ltr'>res</span> <span class='ocrx_word' id='word_1_172' title='bbox 717 3709 842 3776; x_wconf 92' lang='lat' dir='ltr'>multas</span> <span class='ocrx_word' id='word_1_173' title='bbox 866 3708 928 3774; x_wconf 85' lang='lat' dir='ltr'>tibi</span> <span class='ocrx_word' id='word_1_174' title='bbox 953 3707 1128 3787; x_wconf 86' lang='lat' dir='ltr'>mandaui,</span> <span class='ocrx_word' id='word_1_175' title='bbox 1154 3705 1310 3791; x_wconf 83' lang='lat' dir='ltr'>Milphio,</span> 
     </span>
     <span class='ocr_line' id='line_1_29' title="bbox 403 3821 1070 3910; baseline -0.004 -22"><span class='ocrx_word' id='word_1_176' title='bbox 403 3823 541 3904; x_wconf 83' lang='lat' dir='ltr'>Dubius,</span> <span class='ocrx_word' id='word_1_177' title='bbox 566 3845 700 3908; x_wconf 88' lang='lat' dir='ltr'>egenas,</span> <span class='ocrx_word' id='word_1_178' title='bbox 724 3824 894 3910; x_wconf 90' lang='lat' dir='ltr'>inopiosas</span> <span class='ocrx_word' id='word_1_179' title='bbox 917 3821 1070 3888; x_wconf 85' lang='lat' dir='ltr'>oonsili.”</span> 
     </span>
     <span class='ocr_line' id='line_1_30' title="bbox 355 3931 1484 4024; baseline -0.004 -23"><span class='ocrx_word' id='word_1_180' title='bbox 355 3937 451 4002; x_wconf 89' lang='lat' dir='ltr'>Inter</span> <span class='ocrx_word' id='word_1_181' title='bbox 484 3939 663 4024; x_wconf 85' lang='lat' dir='ltr'>scriptores</span> <span class='ocrx_word' id='word_1_182' title='bbox 697 3937 859 4003; x_wconf 90' lang='lat' dir='ltr'>orationis</span> <span class='ocrx_word' id='word_1_183' title='bbox 880 3935 1009 4001; x_wconf 88' lang='lat' dir='ltr'>solutae</span> <span class='ocrx_word' id='word_1_184' title='bbox 1033 3933 1234 4020; x_wconf 87' lang='lat' dir='ltr'>praesertim</span> <span class='ocrx_word' id='word_1_185' title='bbox 1257 3932 1395 3998; x_wconf 84' lang='lat' dir='ltr'>Tacitus</span> <span class='ocrx_word' id='word_1_186' title='bbox 1418 3931 1484 3996; x_wconf 89' lang='lat' dir='ltr'>hae</span> 
     </span>
    </p>
   </div>
   <div class='ocr_carea' id='block_1_5' title="bbox 198 4044 1485 4144">
    <p class='ocr_par' dir='ltr' id='par_1_9' title="bbox 198 4044 1485 4144">
     <span class='ocr_line' id='line_1_31' title="bbox 198 4044 1485 4144; baseline -0.005 -29"><span class='ocrx_word' id='word_1_187' title='bbox 198 4049 201 4056; x_wconf 82' lang='grc'><strong>’</strong></span> <span class='ocrx_word' id='word_1_188' title='bbox 311 4071 394 4144; x_wconf 84' lang='lat' dir='ltr'>¹voce</span> <span class='ocrx_word' id='word_1_189' title='bbox 429 4051 499 4116; x_wconf 89' lang='lat' dir='ltr'>sive</span> <span class='ocrx_word' id='word_1_190' title='bbox 539 4053 651 4137; x_wconf 91' lang='lat' dir='ltr'>potius</span> <span class='ocrx_word' id='word_1_191' title='bbox 686 4051 795 4116; x_wconf 84' lang='lat' dir='ltr'>forma</span> <span class='ocrx_word' id='word_1_192' title='bbox 830 4071 911 4115; x_wconf 87' lang='lat' dir='ltr'>usus</span> <span class='ocrx_word' id='word_1_193' title='bbox 946 4056 1004 4128; x_wconf 90' lang='lat' dir='ltr'>est,</span> <span class='ocrx_word' id='word_1_194' title='bbox 1040 4047 1131 4112; x_wconf 91' lang='lat' dir='ltr'>unde</span> <span class='ocrx_word' id='word_1_195' title='bbox 1154 4045 1281 4131; x_wconf 89' lang='lat' dir='ltr'>pendet</span> <span class='ocrx_word' id='word_1_196' title='bbox 1304 4044 1485 4129; x_wconf 89' lang='lat' dir='ltr'>genetivus</span> 
     </span>
    </p>
   </div>
   <div class='ocr_carea' id='block_1_6' title="bbox 311 4161 1045 4250">
    <p class='ocr_par' dir='ltr' id='par_1_10' title="bbox 311 4161 1045 4250">
     <span class='ocr_line' id='line_1_32' title="bbox 311 4161 1045 4250; baseline -0.003 -23"><span class='ocrx_word' id='word_1_197' title='bbox 311 4169 370 4228; x_wconf 84' lang='lat' dir='ltr'>aut</span> <span class='ocrx_word' id='word_1_198' title='bbox 389 4163 559 4231; x_wconf 83' lang='lat' dir='ltr'>ablativus</span> <span class='ocrx_word' id='word_1_199' title='bbox 582 4166 625 4249; x_wconf 88' lang='lat' dir='ltr'>(e.</span> <span class='ocrx_word' id='word_1_200' title='bbox 648 4187 680 4249; x_wconf 88' lang='lat' dir='ltr'>g.</span> <span class='ocrx_word' id='word_1_201' title='bbox 703 4165 778 4250; x_wconf 80' lang='lat' dir='ltr'>spei,</span> <span class='ocrx_word' id='word_1_202' title='bbox 801 4161 1045 4246; x_wconf 79' lang='lat' dir='ltr'>mnameuttbus).</span> 
     </span>
    </p>
   </div>
   <div class='ocr_carea' id='block_1_7' title="bbox 0 0 1659 5008">
    <p class='ocr_par' dir='ltr' id='par_1_11' title="bbox 0 0 1659 5008">
     <span class='ocr_line' id='line_1_33' title="bbox 0 0 1659 5008; baseline 0 0"><span class='ocrx_word' id='word_1_203' title='bbox 0 0 1659 5008; x_wconf 95' lang='lat' dir='ltr'> </span> 
     </span>
    </p>
   </div>
  </div>
 </body>
</html>
