3226 4998
741 510 783 576 53

215 685 313 752 Idem
347 685 570 752 Friedliinder
609 686 631 774 ¹)
666 689 826 776 antiquas
849 688 989 756 divitias
1012 708 1083 753 non
1104 691 1218 752 tantas
1241 685 1343 751 fuisse

171 799 253 865 dieit
276 805 378 886 atque
402 801 630 866 recentiorum
654 808 863 889 temporum.
888 803 957 869 Hie
980 809 1098 868 tamen
1120 820 1191 865 non
1214 797 1343 885 simpli-

171 913 254 978 citer
277 919 325 978 est
337 913 584 1000 quaerendum,
599 915 658 984 aed
671 923 877 1003 comparate,
892 916 960 981 utri
973 915 1110 980 ditiores
1121 910 1343 979 existimandi

170 1026 237 1090 sint
281 1025 439 1092 ditissimi
481 1027 570 1092 inter
613 1029 778 1120 'antiquos
820 1051 865 1095 an
902 1036 1035 1095 nostrae
1070 1025 1199 1093 aetatis,
1245 1025 1341 1103 Quae

170 1140 321 1225 quaestio
345 1139 396 1205 uti
418 1141 665 1207 iucundissima
688 1144 875 1230 magnique
890 1141 1066 1222 momenti,
1080 1141 1129 1205 ita
1140 1137 1343 1206 difficillima

168 1259 226 1334 est,
263 1275 368 1340 quam
401 1233 479 1340 ipse
508 1254 733 1322 Friedliinder
770 1256 796 1344 ί)
835 1277 1017 1342 nunquam
1051 1251 1264 1341 persolutum
1297 1251 1340 1316 iri

167 1367 336 1452 opinatur.
382 1367 577 1434 Rodbertus
624 1370 731 1434 nescit
773 1392 819 1436 an
853 1370 1002 1436 Romani
1036 1367 1189 1455 palmam
1222 1363 1338 1431 tulisse

167 1479 386 1545 existimandi
420 1481 497 1561 sint,
534 1481 759 1548 Friedltinder
795 1481 1041 1549 recentioribus
1077 1480 1206 1568 priores
1228 1483 1341 1565 partes

166 1592 365 1659 deferendas
389 1615 459 1659 esse
483 1594 620 1661 videtur
643 1603 775 1682 putare.
801 1596 827 1683 ⁸)
874 1595 1048 1682 Quicquid
1059 1594 1095 1660 id
1107 1599 1166 1675 est,
1180 1592 1339 1680 quamvis

165 1727 235 1772 non
269 1707 385 1772 omnia
409 1729 496 1794 quae
519 1709 703 1774 traduntur
727 1711 770 1774 ad
795 1710 941 1776 verbum
964 1709 1148 1776 videantur
1171 1705 1337 1792 accipien-

165 1819 217 1900 da,
243 1819 268 1906 ⁴)
291 1826 408 1885 tamen
432 1821 514 1907 quin
540 1821 690 1886 multum
715 1823 804 1888 inter
827 1845 861 1888 se
875 1824 1039 1888 distarent
1051 1821 1199 1888 divitum
1210 1839 1336 1907 paupe·

123 1957 125 1962 ’
164 1954 310 2019 rumque
334 1934 490 1999 fortunae
514 1956 584 1999 non
608 1943 657 2000 est
680 1936 835 2002 dubium.
862 1938 885 2023 ⁵)
932 1936 1007 2000 Iam
1023 1935 1162 2000 Crassus
1177 1933 1232 2013 „in
1245 1932 1335 2017 agris

165 2188 187 2242 οί
208 2183 347 2258 βασιλεῖς
364 2193 424 2244 τῶν
444 2185 573 2261 ἀγαθῶν
593 2188 674 2257 ὄντες
694 2190 781 2264 ιιιίριοι
801 2188 849 2251 καί
876 2189 997 2248 πάντων
1008 2184 1157 2266 εἰληφότες
1171 2194 1272 2260 πεῖραν
1282 2188 1337 2252 τὴν

162 2279 263 2346 ἡδονὴν
287 2286 481 2357 προκρίνουσι,
513 2285 799 2364 μεγαλοψυχοτέρας
830 2285 968 2354 ποιούσης
999 2291 1053 2352 τῆς
1077 2282 1179 2350 ἡδονῆς
1198 2279 1255 2349 τὰς
1276 2287 1336 2340 Τῶν

161 2374 326 2451 ἀνθρώπων
357 2379 463 2458 φύσεις.
495 2381 628 2449 ἅπαντες
658 2387 730 2455 γοῦν
750 2385 774 2439 οἱ
794 2380 848 2447 τὴν
868 2379 970 2451 ἡδονὴν
991 2387 1135 2454 τιμῶντες
1155 2378 1204 2440 καί
1224 2386 1334 2453 τρυφᾶν

161 2473 353 2559 προῃρημένοι
364 2477 572 2556 μεγαλόψυχοι
584 2477 634 2538 καί
645 2483 889 2552 μεγαλοπρεπεῖς
900 2479 979 2549 εἰσιν,
993 2477 1030 2544 ὡς
1041 2475 1157 2549 Πέρσαι
1167 2474 1215 2536 καί
1226 2474 1331 2540 Μῆδοι.

160 2569 299 2643 μάλιστα
330 2569 392 2646 γὰρ
423 2579 481 2630 τῶν
500 2572 601 2631 ἀλλων
621 2573 787 2648 ἀνθρώπων
808 2571 862 2638 τὴν
878 2571 980 2639 ἡδονὴν
1001 2563 1077 2630 οὗτοι
1097 2570 1145 2633 καὶ
1165 2568 1201 2629 τὸ
1221 2578 1332 2647 τρυφᾶν

160 2672 284 2740 τιμῶσιν
304 2665 499 2741 ἀνδρειότατοι
520 2669 568 2730 καί
588 2671 872 2748 μεγαλοψυχότατοι
892 2676 951 2727 τῶν
972 2667 1137 2742 βαρβάρων
1158 2666 1248 2734 ὄντες.
1267 2663 1334 2726 ἔστι

159 2759 221 2835 γὰρ
241 2759 275 2820 τὲ
297 2759 352 2838 μὲν
372 2763 499 2830 ἥδεσθαι
519 2765 568 2826 καί
588 2763 623 2824 τὲ
645 2775 754 2845 τρυφᾶν
775 2763 950 2839 ἐλευθέρων
972 2763 1066 2834 ἀνίησι
1086 2762 1148 2838 γὰρ
1169 2761 1331 2841 ταςψυχάς

159 2855 206 2917 καί
236 2857 333 2936 αὔξει·
365 2856 400 2917 τὲ
421 2856 453 2919 δὲ
483 2870 578 2919 πονεῖν
600 2861 709 2920 δουλων
729 2862 777 2923 καὶ
798 2868 959 2920 ταπεινῶν·
982 2857 1023 2920 a&
1044 2860 1093 2922 aeri
1113 2858 1331 2918 συστέλλονται

159 2944 235 3011 οὗτοι
256 2953 312 3023 τὰς
332 2956 438 3034 φύσεις.
461 2957 509 3017 καί
529 2959 546 3023 ἡ
564 2960 729 3028 Ἀθηναίων
758 2959 844 3026 πόλις
866 2956 917 3025 ἐ’ως
941 2954 1049 3037 ἓτρίψα
1080 2959 1216 3031 μεγίστη
1236 2975 1270 3014 τε
1296 2943 1330 3022 ἦν
1365 2990 1369 2999 ·

159 3049 207 3109 καὶ
227 3054 535 3130 μεγαλοψυχοτάτους
556 3051 672 3132 ἔτρεφεν
692 3054 808 3128 ἄνδρας.
830 3055 962 3128 ἁλουργῆ
982 3050 1038 3128 μὲν
1058 3052 1120 3127 γὰρ
1135 3052 1330 3130 ἠμπίσχοντο

159 3147 274 3220 ίμάτια,
297 3152 443 3217 ποικίλους
464 3149 639 3210 ὸίἰπέδυνον
660 3157 789 3229 χιτῶνας
812 3197 818 3209 .
842 3197 848 3209 .
872 3197 878 3210 .
902 3151 929 3210 .”

195 3241 212 3298 ¹)
230 3242 246 3290 1.
266 3243 283 3290 I.
301 3260 352 3306 pag.
373 3245 411 3292 12.

192 3323 211 3383 ²)
229 3341 279 3388 pag.
300 3326 330 3376 17
349 3344 395 3390 seq.
414 3328 503 3376 Scribit
521 3329 607 3377 ibidem
625 3335 685 3392 (prag.
706 3331 761 3389 18):
798 3329 880 3393 „Eben
897 3345 922 3376 so
940 3329 1017 3392 avenig
1034 3328 1094 3376 wird
1111 3327 1162 3375 sioh
1170 3326 1326 3375 wahrsohein-

158 3405 205 3453 lirb
229 3407 314 3468 jemals
341 3410 469 3458 teststcllen
497 3411 580 3468 lassari,
599 3415 690 3460 iromus
705 3429 728 3460 os
745 3413 782 3459 bei
800 3413 853 3460 dem
872 3412 996 3476 Vergleioh
1013 3413 1053 3460 der
1070 3411 1181 3474 beutigen
1199 3409 1328 3458 Reiehthii-

159 3505 208 3537 mer
225 3491 270 3538 mit
287 3492 330 3539 den
349 3493 481 3555 damaligen
499 3495 679 3558 buuptsitehlieh
696 3497 833 3544 ankommt:
853 3495 881 3542 ob
899 3496 936 3543 die
953 3499 1058 3558 griissten
1075 3494 1234 3542 Einkommen
1252 3493 1277 3539 in
1287 3492 1328 3540 der

158 3572 285 3620 Kaisarzeit
301 3575 354 3622 eine
371 3576 475 3623 mittlere
491 3578 641 3625 Jahresronte
658 3579 731 3625 hiiher
750 3579 885 3641 iiberragten
904 3579 939 3625 als
957 3580 980 3625 in
999 3579 1040 3625 der
1057 3575 1218 3640 Gegenu·art.’'

191 3655 210 3714 ³)
236 3656 324 3704 FriedI.
351 3657 367 3705 1.
395 3659 411 3706 l.
430 3676 481 3723 pag.
507 3661 553 3708 158
581 3677 652 3724 seqq,
671 3661 711 3708 uhi
730 3662 822 3709 litteras
841 3662 951 3710 liodberti
970 3662 1042 3710 tradit
1059 3661 1168 3723 antiquas
1185 3675 1238 3707 oum
1256 3657 1327 3706 huius

157 3739 238 3786 aetatis
255 3739 349 3788 divitiis
366 3744 528 3806 comparantis.

191 3821 209 3879 ⁴)
227 3823 261 3870 Ut
278 3840 331 3871 cum
349 3824 450 3888 legimus
468 3828 530 3889 apud
548 3826 664 3876 Galerium
683 3828 744 3888 (Vol.
763 3829 824 3877 XIII
843 3844 894 3891 pag.
914 3828 960 3878 636
976 3828 1057 3888 Kiihn)
1066 3843 1120 3874 eum
1130 3827 1170 3890 qui
1180 3826 1212 3874 20
1222 3825 1270 3874 000
1280 3825 1329 3873 000

156 3903 204 3951 IIS.
232 3907 360 3967 possideret
385 3910 486 3971 Augusti
510 3911 654 3972 temporibus
681 3927 805 3973 pauperem
831 3928 880 3958 esse
906 3912 1073 3959 existimatum.
1109 3910 1144 3958 Cf.
1170 3909 1248 3972 Marq.
1273 3909 1328 3958 StV.

157 3985 195 4033 11²
212 4003 263 4051 pag.
284 3990 314 4036 56
333 4007 386 4038 eum
405 3992 458 4039 adn.
477 3995 509 4049 43
528 3994 556 4040 es.
574 3993 644 4040 otiam
663 3994 717 4041 adn.
737 3996 758 4040 5.

191 4070 207 4128 ί)
226 4086 247 4118 v.
267 4071 373 4137 Ihering,
392 4075 457 4122 Geist
475 4075 497 4122 d.
517 4079 575 4123 riim.
597 4077 689 4132 Rechts,
709 4077 791 4132 11,1⁴‚
810 4093 854 4140 pag
881 4078 928 4124 248
947 4094 1009 4140 seq.:
1029 4077 1092 4142 „Das
1109 4077 1327 4140 grosseVermiigen

158 4151 326 4210 (Grundbesitz
352 4158 396 4204 wie
422 4158 526 4221 Iiapital)
552 4159 615 4207 hatte
642 4159 698 4206 iiber
724 4161 764 4208 dos
782 4159 860 4207 kleine
877 4161 915 4208 ein
936 4161 1222 4224 unverhiiltnissmiissiges
1240 4161 1327 4210 Ueber·

158 4235 264 4296 gewieht.
300 4239 348 4286 Der
374 4240 532 4298 blittelstand,
559 4243 599 4290 der
616 4242 653 4290 bei
672 4243 738 4290 einer
755 4244 874 4305 gesunden
892 4243 1033 4307 Gestaltung
1050 4245 1091 4292 der
1110 4243 1271 4294 Verhi'dtnisse
1288 4246 1329 4294 das
