3296 5008
830 475 894 542 232

274 671 340 738 que
375 649 476 738 longe
501 651 605 722 abest.
652 653 892 720 Romanorum
916 659 1005 721 certe
1029 675 1131 721 usum
1155 654 1332 741 vitamque
1356 675 1448 720 com-

274 785 417 831 munem
442 765 531 831 infra
555 765 842 854 philosophorum
867 767 1060 833 doctrinam
1087 767 1189 834 fuisse
1212 788 1295 833 mox
1318 766 1446 834 videbi·

275 899 362 945 mus.
408 879 480 947 Nee
511 879 649 958 mirum,
684 880 854 966 siquidem
887 881 1046 962 Romani,
1080 881 1140 968 qui
1164 881 1280 947 omnio
1304 879 1446 947 consilia

275 991 431 1077 factaque
467 1014 527 1058 sua
561 993 604 1058 ad
628 993 811 1060 utilitatem
841 993 930 1062 vitae
955 993 1157 1079 dirigebant,
1180 993 1445 1082 philosophiam,

277 1105 455 1191 proprium
477 1127 557 1172 sane
582 1107 792 1174 Graecorum
814 1129 853 1173 ac
878 1107 1104 1174 domesticum
1130 1128 1247 1192 gedue,
1274 1106 1449 1192 aspernari.

277 1217 440 1285 solebant.
468 1217 492 1306 ¹)

322 1331 485 1399 Attamen
512 1333 624 1399 nescio
648 1355 692 1399 an
719 1355 805 1421 quae
829 1334 866 1399 in
889 1333 1087 1400 liberalium
1110 1334 1348 1401 Romanorum
1372 1333 1446 1398 ani-

278 1445 344 1511 mis
377 1446 478 1512 insita
513 1454 632 1528 essent,
668 1469 688 1512 a
718 1447 880 1514 Cicerone
916 1455 1120 1536 exprompta
1154 1449 1232 1514 sint.
1258 1445 1284 1534 ς1
1331 1447 1448 1513 Cicero

278 1559 455 1627 Romanae
478 1560 714 1648 philosophiae
738 1561 966 1630 clarissimum
989 1561 1148 1628 columen
1172 1562 1246 1643 fuit,
1272 1559 1300 1648 3)
1325 1561 1385 1648 qui
1407 1560 1449 1626 de

280 1671 505 1740 beneficentia
538 1696 577 1740 ac
611 1675 652 1740 de
675 1674 878 1742 liberalitate
903 1682 1154 1742 commentatus
1178 1682 1228 1741 est
1252 1675 1303 1741 De
1329 1673 1395 1740 Off.
1419 1673 1446 1756 I,

282 1788 334 1868 14,
369 1789 412 1853 42
447 1809 561 1875 seqq.;
590 1789 636 1870 II,
662 1789 714 1871 15,
737 1790 779 1855 52
804 1811 898 1877 seqq.
924 1790 979 1855 Ex
1003 1789 1056 1856 his
1080 1789 1162 1856 locis
1185 1787 1344 1855 flosculos
1367 1809 1451 1854 non·

281 1900 394 1966 nullos
416 1922 553 1988 carpere
577 1909 680 1991 atque
704 1903 853 1970 delibare
878 1903 997 1991 placet.
1053 1903 1096 1969 In
1109 1903 1221 1990 primo
1237 1901 1324 1969 libro
1337 1901 1379 1968 de
1393 1901 1450 1968 Of·

282 2015 344 2080 oiis
384 2015 513 2083 iudicat
546 2038 617 2083 esse
644 2017 752 2098 „nihil
775 2018 951 2084 honestius
976 2017 1321 2104 magnificentiusque
1346 2037 1451 2102 quam

284 2129 467 2216 pecuniam
501 2135 730 2214 contemnere,
766 2131 794 2198 si
820 2153 891 2199 non
914 2131 1051 2213 habeas,
1074 2131 1102 2198 si
1126 2130 1261 2213 habeas
1286 2130 1330 2196 ad
1354 2129 1454 2196 bene·

284 2242 457 2309 licentiam
491 2242 801 2332 liberalitatemque
836 2245 1022 2312 conferre.''
1058 2245 1085 2331 ⁴)
1136 2245 1179 2310 In
1214 2243 1319 2310 altero
1354 2242 1455 2310 bene·

285 2356 440 2423 licentiae
475 2357 546 2426 sive
581 2357 794 2426 liberalitatis
829 2358 945 2426 scribit
971 2358 1145 2446 duplicem
1169 2380 1239 2425 esse
1264 2357 1452 2438 rationem3

287 2492 389 2552 ,nam
415 2476 476 2537 aut
501 2509 544 2520 —
567 2477 606 2537 ut
628 2472 735 2559 ipsius
758 2472 863 2540 verba
886 2473 1030 2539 afferam
1053 2511 1097 2522 -
1120 2494 1223 2560 opera
1246 2471 1394 2556 benigne
1417 2471 1456 2536 fit

284 2584 519 2672 indigentibus
542 2591 602 2652 aut
626 2587 781 2673 pecunia.
828 2586 975 2653 Facilior
997 2593 1047 2654 est
1069 2587 1154 2653 haec
1177 2585 1352 2674 posterior,
1365 2585 1456 2652 loeu-

321 2881 338 2944 ¹)
372 2881 410 2930 Oi.
435 2880 522 2932 Friedl.
549 2881 703 2947 Sittsngesoh.
726 2883 799 2933 Roms
816 2882 865 2933 111⁶
882 2900 934 2949 pag.
953 2884 1001 2933 669
1023 2899 1103 2948 seqq.;
1127 2881 1231 2932 Boissier
1249 2881 1326 2946 Relig.
1344 2897 1404 2932 rom.
1422 2881 1457 2930 11⁸

286 2981 339 3030 res·
358 2965 371 3013 1
391 2981 438 3029 we·

320 3050 340 3112 ²)
374 3049 411 3098 Of.
435 3049 524 3099 Friedl.
546 3049 818 3117 l.1.psg.692seq.=
839 3052 938 3118 ,Obwol
956 3069 1007 3102 nun
1024 3052 1074 3102 also
1091 3053 1117 3101 in
1134 3053 1175 3101 der
1191 3051 1354 3116 griechischen
1371 3051 1416 3100 wie
1433 3051 1458 3099 in

287 3135 328 3184 der
345 3134 479 3182 rbmisohen
496 3134 560 3183 Welt
576 3135 604 3184 in
625 3137 670 3184 den
688 3136 891 3186 verschiedensten
908 3135 1035 3201 Bildungs-
1053 3137 1103 3186 und
1114 3135 1459 3199 Lobenslrreisentheilsgegen

288 3218 326 3267 die
350 3217 512 3283 Philosophie,
538 3218 610 3268 theils
632 3236 704 3284 gegen
722 3221 760 3270 die
776 3221 938 3285 Philosophen
955 3220 1096 3285 berechtigte
1113 3220 1164 3268 und
1181 3219 1355 3283 unberechtigte
1374 3218 1459 3267 Abnei·

288 3317 382 3366 gurgen
399 3303 440 3351 der
456 3301 660 3366 mannigloehslen
677 3305 722 3353 Art
739 3304 874 3364 hestauden,
892 3321 917 3353 so
934 3320 981 3353 war
998 3304 1057 3353 doeh
1074 3303 1178 3352 offenber
1194 3303 1232 3351 die
1249 3319 1328 3367 grosse
1337 3300 1461 3351 Mehraahl

289 3385 329 3434 der
355 3384 494 3434 Gebildeten
519 3385 580 3434 such
605 3386 632 3435 in
657 3387 719 3437 Rom
744 3388 793 3437 und
818 3388 863 3436 den
880 3387 1016 3437 westliohen
1032 3386 1139 3436 Lindern
1157 3403 1203 3435 von
1216 3386 1262 3435 'der
1279 3385 1462 3449 Uebemeugung

290 3468 478 3532 durohdrungen,
501 3469 554 3517 dass
572 3469 610 3518 die
627 3469 780 3534 Philosophie
797 3471 835 3520 die
851 3471 914 3520 beste
928 3471 1044 3520 Iliihrerin
1061 3486 1103 3518 zur
1120 3470 1233 3519 hichsten
1250 3450 1396 3518 Sittlichlreit
1412 3467 1460 3516 sei:

292 3553 342 3602 und
363 3552 435 3600 sehon
452 3552 492 3600 die
508 3551 589 3601 bisher
605 3553 766 3617 geschilderte‚
784 3571 809 3603 so
826 3554 958 3618 vielseitige
975 3556 1024 3603 und
1042 3554 1150 3611 lebhelte,
1166 3553 1191 3616 jo
1207 3553 1306 3616 gereizte
1323 3551 1462 3617 Opposition

292 3635 325 3686 ist
343 3636 405 3686 ohne
421 3636 460 3685 die
476 3633 618 3700 allgemeine
635 3637 793 3702 Verbreitung
809 3639 884 3687 dieser
900 3637 1001 3687 Ansioht
1017 3637 1084 3686 nicht
1099 3636 1210 3696 denkbar,
1228 3637 1262 3684 sie
1279 3638 1337 3685 setzt
1354 3636 1389 3684 sie
1405 3633 1463 3682 viel·

292 3720 360 3770 mehr
386 3735 477 3770 vorsus.
513 3719 558 3769 hls
578 3721 623 3770 den
641 3721 757 3771 Vertreter
774 3723 817 3771 der
832 3722 1000 3786 Anseheuung,
1018 3722 1056 3770 die
1073 3721 1107 3770 im
1124 3724 1216 3785 spitern
1235 3719 1369 3768 rimischen
1386 3717 1463 3767 Alter·

292 3805 363 3854 thum
380 3805 418 3854 die
434 3805 534 3855 meisten
551 3805 680 3870 Anhitnger
695 3805 780 3865 athlie,
797 3807 882 3855 diirlen
898 3805 943 3854 wir
959 3805 1022 3854 wohl
1039 3805 1099 3854 auch
1116 3805 1169 3853 hier
1185 3804 1268 3853 Cicero
1283 3801 1398 3852 ansehn.'’

326 3886 347 3948 ³)
380 3886 468 3940 Friedl.
494 3888 512 3939 1.
530 3886 547 3940 l.
573 3905 626 3956 pag.
652 3890 716 3939 669:
741 3890 869 3955 „lCieerosl
895 3888 1085 3954 philosophische
1110 3889 1194 3937 Werlre
1212 3923 1343 3937 ......
1363 3885 1465 3935 bildeten

294 3973 340 4022 den
365 3973 430 4022 Korn
455 3973 496 4022 der
522 3989 569 4022 neu
592 3974 760 4024 entstehenden
782 3972 914 4023 rtmisohen
931 3971 1139 4038 philosophischen
1156 3969 1307 4021 Litteretur.”
1341 3970 1379 4021 Ol.
1396 3969 1466 4019 etiam

294 4055 399 4104 Boissier
422 4055 439 4105 l.
465 4055 484 4107 l.
508 4072 562 4121 pag.
588 4057 603 4106 6
630 4074 694 4122 seqq.
719 4057 825 4121 (Legitur
849 4055 909 4106 ibid.
932 4071 983 4120 pog.
1002 4056 1033 4104 5:
1052 4055 1126 4120 „L'on
1143 4061 1251 4104 retroure
1268 4071 1296 4102 en
1314 4069 1393 4118 genna
1409 4053 1467 4102 dens

298 4137 396 4189 ciceron
413 4154 513 4204 presque
528 4143 582 4190 tous
598 4139 632 4190 les
649 4140 768 4206 principes
785 4156 831 4205 quo
847 4137 1001 4204 developpent
1018 4135 1122 4203 senique
1138 4142 1162 4188 et
1177 4135 1376 4200 Marc-Amele.”)

334 4223 354 4288 ⁴)
389 4221 430 4282 20,
447 4223 487 4274 68.
