3274 4998
841 536 904 601 138

284 737 329 780 an
359 714 424 781 hoc
458 714 622 780 doceant:
660 713 805 779 afuisse
830 712 1043 777 frumentum
1068 711 1161 798 quod
1186 710 1322 798 publice
1347 710 1457 797 pretio

282 829 372 894 iusto
410 827 536 894 leviore
572 827 758 894 emendum
784 832 1052 914 proponeretur3
1089 825 1174 890 bad
1198 825 1288 890 hanc
1311 823 1459 890 liberali-

281 947 388 1008 tatem
419 941 495 1007 illos
526 941 613 1007 solos
636 941 738 1006 fuisse
762 940 937 1022 admissos,
964 939 1025 1027 qui
1049 938 1155 1005 talem
1178 945 1341 1005 tesseram
1365 959 1458 1005 acee-

282 1057 419 1143 pissent.
466 1054 561 1141 (Illas
598 1061 740 1120 tesseras
761 1055 864 1134 enim,
890 1060 929 1120 ut
952 1054 988 1118 in
1013 1075 1170 1120 annonae
1196 1052 1459 1119 difficultatibus

282 1209 451 1266 frumentariis,
476 1213 591 1273 quatenus
605 1209 700 1257 venibat
718 1208 806 1258 leviore
824 1209 906 1273 pretio,
925 1209 986 1258 detis
1007 1207 1174 1257 nummariis.''
1196 1208 1226 1256 ln
1245 1207 1324 1256 mdem
1343 1202 1459 1257 sententia

281 1297 316 1342 est
342 1292 479 1356 Msrquardt
501 1292 564 1350 (StV.
582 1292 619 1340 11²
636 1308 688 1356 pag.
708 1291 754 1340 125
773 1293 827 1340 adn.
846 1295 878 1352 6),
905 1292 961 1340 item
980 1292 1049 1340 hodie
1067 1290 1217 1340 Hirschfeld.
1245 1291 1279 1352 (Is
1296 1295 1363 1339 antea
1379 1291 1458 1339 defen·

281 1376 318 1424 dit
334 1380 431 1424 tesseras
448 1375 592 1422 nummarias
608 1375 670 1439 ipsas
687 1391 737 1422 esse
749 1375 927 1438 frumentarias
945 1391 1012 1438 saepe
1031 1379 1233 1423 commemoratas.
1252 1374 1289 1422 Cf.
1307 1373 1396 1422 Friedl.
1411 1374 1459 1421 Sit·

282 1459 399 1522 tengeseh.
426 1459 499 1506 Roms
525 1457 547 1504 1⁸
565 1473 617 1520 pag.
635 1458 666 1506 68
684 1458 730 1506 adn
759 1458 781 1518 l)
813 1458 940 1506 Suetonius
958 1458 1109 1522 potissimum
1128 1459 1217 1506 famem
1235 1457 1292 1506 anni
1311 1473 1365 1506 au.
1380 1457 1459 1508 etta

280 1545 314 1605 (p.
333 1541 389 1589 Chr.
406 1557 430 1588 n.
449 1541 474 1600 6)
499 1539 612 1604 respicere
639 1541 702 1588 credi
728 1544 802 1604 potest
827 1541 867 1602 (ef.
897 1541 1009 1589 Momms.
1036 1540 1054 1589 l.
1072 1540 1106 1597 1.).
1143 1541 1177 1588 De
1209 1541 1289 1589 eadem
1316 1556 1387 1604 agens
1413 1539 1460 1588 Dio

283 1633 342 1695 (LV,
361 1634 485 1694 26‚2,3):
516 1621 582 1688 ηκαὶ
611 1621 734 1696 τοοσέτι
766 1622 814 1684 καὶ
834 1622 936 1698 ἄνδρες
956 1623 1158 1692 &marcomeres
1181 1618 1228 1682 ἔτί
1248 1642 1282 1682 τε
1304 1627 1357 1681 τοῦ
1376 1625 1461 1681 σίτου

250 1706 253 1713 ’
282 1716 331 1778 καὶ
351 1713 398 1776 ἓτὶ
417 1721 470 1775 τοῦ
489 1717 580 1792 ἄρτου
600 1717 805 1790 κατέστησαν,
830 1717 909 1778 ὥστε
931 1715 1045 1780 saarim
1069 1717 1191 1796 ἑκάστῳ
1212 1720 1457 1795 πιπράσκεσθαι.

282 1809 409 1874 tattone
429 1807 485 1887 μὲν
505 1811 567 1888 γὰρ
587 1811 635 1874 mai
649 1822 754 1888 προῖκα
766 1814 780 1872 ὁ
793 1815 970 1889 Αὔγουστος
981 1824 1042 1884 τοῖς
1054 1814 1304 1891 σιτοὸοτοομένοις
1315 1820 1459 1874 τοσοῦτον

284 1905 381 1982 ἕτερον
411 1905 479 1966 ὅσον
508 1907 551 1967 ἀεὶ
580 1905 787 1985 ἓλὰμβανον.”
822 1923 868 1971 Dio
886 1924 960 1987 igitur
977 1923 1037 1971 hane
1055 1922 1221 1972 liberalitatem
1239 1923 1325 1972 diserte
1342 1923 1413 1971 refert
1431 1922 1461 1970 ad

287 2004 421 2068 plebem
446 2007 724 2054 frumentariam.
759 2008 869 2056 Attamen
897 2007 1025 2062 fatendum,
1055 2023 1111 2054 cum
1141 2007 1188 2054 Dio
1217 2007 1333 2070 gratuitae
1365 2010 1461 2054 tantum

287 2086 419 2150 largitionis
453 2088 597 2136 mentionem
632 2090 708 2148 faeIat,
743 2089 806 2138 hune
833 2089 911 2138 locum
938 2089 966 2138 ab
994 2089 1046 2137 illis
1072 2105 1166 2153 quoque
1192 2089 1290 2153 proferri
1316 2105 1392 2153 posse,
1418 2087 1461 2152 qui

287 2170 348 2218 inter
375 2171 520 2219 nummariae
547 2175 570 2219 et
591 2172 769 2234 frumentarias
796 2177 893 2220 tesseras
922 2173 1050 2220 discrimen
1078 2189 1128 2220 esse
1150 2177 1242 2235 negent.
1283 2171 1369 2219 Dionis
1396 2164 1462 2219 enim

291 2249 434 2319 ‚iimitem
454 2249 510 2328 μὲν
530 2251 593 2329 γὰρ
613 2253 661 2315 καὶ
681 2263 786 2329 προῖκα
811 2285 861 2331 aq
888 2266 924 2315 s.''
952 2272 975 2314 et
1000 2266 1106 2315 Suetonii
1132 2269 1293 2330 „tesserasque
1310 2265 1459 2313 nummarias

287 2348 433 2412 duplicavit'’
454 2351 517 2398 idem
535 2350 652 2398 declarare
675 2351 792 2399 videntur.
819 2350 889 2413 Quod
907 2350 927 2397 si
938 2365 1019 2397 verum
1028 2353 1071 2404 est,
1082 2349 1138 2397 haee
1149 2349 1219 2396 verba
1228 2349 1301 2412 igitur
1310 2348 1417 2396 iudicare
1425 2347 1463 2395 di·

286 2432 348 2479 xeris
364 2435 503 2480 tesserarum
520 2438 577 2482 tune
593 2433 666 2497 duplo
684 2434 795 2482 maiorem
813 2449 939 2481 numerum
956 2432 1029 2480 fuisse
1045 2431 1198 2480 distributum
1219 2447 1289 2494 quam
1299 2431 1324 2478 in
1334 2430 1464 2480 menstruis

288 2512 454 2576 largitionibus
471 2515 580 2564 distribui
599 2515 689 2564 soleret.
706 2516 770 2579 (Non
788 2517 855 2564 video
872 2530 914 2563 eur
923 2515 962 2562 hie
971 2514 1036 2562 locus
1045 2531 1099 2562 cum
1109 2513 1231 2571 Radberto,
1241 2513 1257 2562 l.
1268 2513 1285 2562 l.
1294 2514 1348 2562 adn.
1359 2514 1390 2561 19
1400 2519 1462 2578 (pag.

289 2596 337 2644 386
355 2600 412 2660 seq.)
430 2597 616 2662 interpretandus
635 2599 667 2646 sit
684 2599 712 2647 de
728 2599 834 2662 ipsorum
852 2597 1019 2659 accipientium
1029 2596 1264 2660 numeroduplicato,
1274 2613 1321 2644 non
1331 2597 1360 2644 de
1371 2595 1462 2660 duplici

287 2680 404 2728 frumento
422 2681 513 2729 donato.
531 2681 598 2729 Alibi
617 2681 719 2745 legimus
737 2683 792 2743 (Dio
810 2682 874 2730 Cass.
893 2681 959 2738 LIII,
978 2681 1001 2737 2,
1016 2681 1027 2728 l
1039 2681 1067 2728 ad
1076 2696 1166 2728 aunum
1175 2696 1195 2728 a.
1207 2696 1229 2727 u.
1240 2696 1260 2728 e.
1271 2680 1320 2732 726
1332 2699 1363 2722 =
1373 2695 1395 2727 a.
1405 2678 1462 2727 Chr.

289 2779 312 2810 n.
331 2763 373 2822 28)
389 2764 526 2826 Augustum
543 2765 690 2812 frumentum
708 2764 908 2828 quadrupliessse.
940 2763 1004 2811 Num
1024 2763 1155 2811 Radbertus
1173 2763 1212 2810 hic
1229 2778 1323 2826 quoque
1340 2761 1465 2825 eogitatde‘

288 2845 454 2910 accipientium
472 2862 569 2895 numere
586 2864 601 2911 q
611 2863 626 2895 u
636 2864 649 2896 a
659 2848 674 2895 d
684 2863 696 2896 r
706 2863 746 2911 up
756 2846 765 2894 l
775 2848 783 2894 i
793 2864 805 2895 e
814 2863 827 2895 a
836 2852 846 2895 t
855 2848 896 2904 ol)
913 2846 949 2893 Ne
967 2845 999 2893 ita
1017 2845 1168 2909 interpretata
1185 2845 1282 2909 quidem
1300 2861 1336 2894 res
1353 2843 1461 2908 opinioni

290 2944 353 2976 meae
370 2933 490 2994 repugnat,
507 2946 562 2978 enm
579 2947 591 2978 e
608 2930 715 2979 Suetonii
725 2930 801 2978 verbis
816 2930 942 2987 diseamus,
953 2929 993 2992 qui
1003 2928 1121 2976 interdum
1131 2929 1212 2992 gratiis
1221 2929 1358 2993 acciperent,
1368 2927 1461 2976 eosdem

289 3027 356 3076 saepe
373 3013 449 3076 pretio
468 3014 577 3076 quodam,
594 3013 748 3077 quantumvis
764 3012 822 3070 levi,
839 3012 954 3076 accepisse
971 3013 1127 3060 frumentum.

323 3095 358 3143 Dc
386 3095 479 3144 tesseris
505 3097 575 3144 etiam
601 3096 637 3160 egi
664 3096 689 3144 in
716 3097 823 3160 proximo
841 3096 923 3160 eapite.
959 3095 1006 3143 Hic
1023 3099 1101 3142 tamen
1119 3095 1167 3142 iam
1185 3111 1259 3158 pauca
1276 3094 1380 3142 addenda
1397 3095 1461 3140 sunt.

290 3178 371 3242 Nuper
395 3179 459 3227 enim
485 3195 570 3228 novam
588 3180 723 3244 opinionem
745 3179 844 3244 pretulit
861 3179 1005 3228 Rostovtsew
1023 3162 1108 3239 (Etude
1125 3193 1166 3225 sur
1183 3176 1217 3225 les
1234 3176 1328 3240 plomba
1345 3175 1461 3238 antiques,

290 3262 316 3309 in
342 3262 422 3310 Revue
447 3263 633 3327 numismatique
659 3263 732 3321 1898,
759 3279 810 3326 pag.
839 3263 886 3310 256
905 3264 986 3326 seqq.).
1005 3261 1051 3309 Cui
1066 3261 1086 3310 si
1104 3261 1189 3319 eredas,
1207 3265 1304 3308 tesserae
1321 3258 1385 3317 illae,
1404 3274 1462 3322 quas

290 3359 375 3408 magno
392 3361 490 3393 numero
507 3347 623 3410 congessit
639 3347 765 3399 Benndorf,
778 3373 809 3381 -
828 3346 938 3409 Beitritgc
956 3361 997 3392 zur
1013 3344 1144 3392 Kenntniss
1162 3344 1201 3392 des
1218 3342 1334 3391 attisehen
1343 3341 1462 3398 Theaters,

291 3427 316 3474 in
342 3427 453 3476 Zeitsehr.
480 3430 496 3477 f.
523 3430 630 3478 datreieh.
657 3429 770 3492 Gymnu,
795 3429 875 3492 Jahrg.
903 3428 988 3476 XXVI.
1023 3428 1088 3476 Haec
1105 3427 1232 3491 disputatio
1249 3427 1319 3475 etiam
1337 3424 1461 3489 seperatIm

291 3509 353 3558 edita
370 3516 405 3558 est
422 3511 522 3559 Vindob.
543 3512 606 3564 1875
624 3540 665 3570 —,
683 3528 731 3559 neu
750 3516 805 3560 snut
816 3511 1002 3576 frumentariae,
1019 3515 1045 3558 ut
1062 3509 1134 3574 vulgo
1151 3513 1242 3574 putant,
1261 3509 1301 3557 sed
1315 3509 1379 3573 ipsae
1396 3524 1461 3555 mam·

291 3593 380 3642 mariae
405 3609 503 3658 quarum
524 3595 668 3643 mentionem
686 3595 742 3643 facit
759 3595 893 3643 Suetonius.
928 3595 1044 3657 Utrasque
1060 3594 1090 3642 ad
1108 3593 1302 3641 frumentationes
1318 3591 1462 3657 pertinuisse

292 3677 382 3734 statuit,
399 3677 432 3726 ita
449 3681 527 3726 tamen
546 3682 572 3726 ut
583 3678 765 3743 frumentariae
782 3677 853 3726 semel
866 3682 956 3727 tantum
967 3678 993 3725 iu
1002 3693 1096 3725 omnem
1106 3677 1178 3724 vitam
1191 3677 1308 3733 darentur,
1317 3674 1462 3723 nummariae

292 3775 345 3807 vero
372 3760 479 3824 singulae
504 3762 529 3809 in
556 3761 656 3826 singulis
682 3761 914 3810 frumentationibus.
949 3761 985 3809 lta
1010 3761 1074 3808 enim
1101 3776 1150 3808 rem
1167 3759 1247 3808 animo
1264 3758 1360 3822 effingit,
1377 3757 1461 3821 utqui

291 3843 469 3892 frumentariam
487 3843 635 3908 largitionem
652 3847 766 3908 expeteret
783 3861 835 3892 cum
849 3843 1014 3908 frumentaria
1032 3847 1118 3890 tessera
1135 3859 1159 3890 se
1176 3843 1290 3902 conferret
1306 3841 1335 3889 ad
1346 3840 1461 3905 porticum

292 3925 432 3983 Minuciam,
459 3927 499 3974 ubi
526 3928 640 3992 acciperet
665 3927 736 3975 sliam
766 3931 884 3985 tesseram,
910 3925 1074 3984 nummariam,
1091 3943 1138 3990 qua
1155 3925 1259 3974 exhibita
1276 3925 1422 3972 frumentum
1440 3923 1461 3971 ei

292 4008 418 4056 deferretur
443 4025 455 4056 e
477 4009 580 4073 publicis
596 4010 692 4058 horreis.
727 4009 806 4058 liliam
829 4010 873 4058 hee
891 4009 1018 4057 discrimen
1036 4009 1061 4057 iu
1080 4025 1144 4058 mera
1159 4009 1298 4066 coniectura,
1315 4011 1382 4055 acuta
1399 4021 1461 4063 sane,

291 4090 394 4155 positum
411 4096 453 4148 est,
471 4092 509 4139 eui
527 4109 655 4156 repugnare
672 4093 767 4156 quidem
786 4093 878 4141 ridetur
895 4093 956 4140 Suet.
976 4092 1038 4140 Nero
1057 4093 1096 4151 ll,
1115 4092 1155 4141 uhi
1172 4096 1270 4140 tesserae
1286 4089 1463 4155 frumentariae

292 4174 390 4222 suntin
407 4173 548 4230 missilibus,
570 4192 629 4239 quae
646 4192 687 4240 per
704 4192 785 4224 omnes
803 4176 853 4224 dies
871 4175 959 4240 populo
976 4192 1056 4240 sparsa
1072 4176 1145 4224 fuisse
1161 4179 1293 4224 narrantur.
1316 4201 1347 4210 —
1365 4173 1401 4222 De
1417 4177 1460 4221 tes·

292 4257 349 4306 seris
368 4257 509 4306 nummariis
526 4258 595 4306 etiam
613 4259 684 4308 aliam
703 4259 860 4308 coniecturam
879 4260 932 4308 vide
947 4261 1009 4324 apud
1027 4259 1124 4322 Madvig
1141 4259 1158 4307 l.
1176 4258 1193 4307 l.
1210 4274 1262 4324 pag.
1280 4256 1337 4311 427.
1402 4269 1405 4274 '
